<?xml version="1.0" encoding="UTF-8"?>
<!DOCTYPE html PUBLIC "-//W3C//DTD XHTML 1.0 Transitional//EN"
    "http://www.w3.org/TR/xhtml1/DTD/xhtml1-transitional.dtd">
<html xmlns="http://www.w3.org/1999/xhtml" xml:lang="en" lang="en">
 <head>
  <title>
</title>
<meta http-equiv="Content-Type" content="text/html;charset=utf-8" />
  <meta name='ocr-system' content='tesseract 3.04.00' />
  <meta name='ocr-capabilities' content='ocr_page ocr_carea ocr_par ocr_line ocrx_word'/>
</head>
<body>
  <div class='ocr_page' id='page_1' title='image "./diatribeinhadri00schegoog_0040.png"; bbox 0 0 2930 4996; ppageno 0'>
   <div class='ocr_carea' id='block_1_1' title="bbox 589 386 627 448">
    <p class='ocr_par' dir='ltr' id='par_1_1' title="bbox 589 386 627 448">
     <span class='ocr_line' id='line_1_1' title="bbox 589 386 627 448; baseline 0.026 -1"><span class='ocrx_word' id='word_1_1' title='bbox 589 386 627 448; x_wconf 77' lang='lat'><strong>13</strong></span> 
     </span>
    </p>
   </div>
   <div class='ocr_carea' id='block_1_2' title="bbox 119 564 1212 992">
    <p class='ocr_par' dir='ltr' id='par_1_2' title="bbox 119 564 1089 770">
     <span class='ocr_line' id='line_1_2' title="bbox 119 564 1089 659; baseline -0.003 -22"><span class='ocrx_word' id='word_1_2' title='bbox 119 567 212 638; x_wconf 80' lang='lat' dir='ltr'><strong>felici</strong></span> <span class='ocrx_word' id='word_1_3' title='bbox 244 568 334 636; x_wconf 88' lang='lat' dir='ltr'><strong>enim</strong></span> <span class='ocrx_word' id='word_1_4' title='bbox 364 587 509 632; x_wconf 89' lang='lat' dir='ltr'><strong>successu</strong></span> <span class='ocrx_word' id='word_1_5' title='bbox 538 564 653 633; x_wconf 77' lang='lat' dir='ltr'><strong>lunius</strong></span> <span class='ocrx_word' id='word_1_6' title='bbox 683 577 793 655; x_wconf 89' lang='lat' dir='ltr'><strong>postca</strong></span> <span class='ocrx_word' id='word_1_7' title='bbox 817 569 905 659; x_wconf 90' lang='lat' dir='ltr'><strong>apud</strong></span> <span class='ocrx_word' id='word_1_8' title='bbox 926 569 1089 659; x_wconf 75' lang='lat' dir='ltr'><strong>principes</strong></span> 
     </span>
     <span class='ocr_line' id='line_1_3' title="bbox 119 677 986 770; baseline -0.001 -20"><span class='ocrx_word' id='word_1_9' title='bbox 119 683 218 750; x_wconf 81' lang='lat' dir='ltr'><strong>variis</strong></span> <span class='ocrx_word' id='word_1_10' title='bbox 240 681 278 747; x_wconf 90' lang='lat' dir='ltr'><strong>in</strong></span> <span class='ocrx_word' id='word_1_11' title='bbox 299 677 486 770; x_wconf 75' lang='lat' dir='ltr'><strong>regionibus</strong></span> <span class='ocrx_word' id='word_1_12' title='bbox 508 677 593 745; x_wconf 85' lang='lat' dir='ltr'><strong>viros</strong></span> <span class='ocrx_word' id='word_1_13' title='bbox 614 677 811 746; x_wconf 81' lang='lat' dir='ltr'><strong>medicinam</strong></span> <span class='ocrx_word' id='word_1_14' title='bbox 834 681 986 748; x_wconf 86' lang='lat' dir='ltr'><strong>exercuit.</strong></span> 
     </span>
    </p>

    <p class='ocr_par' dir='ltr' id='par_1_3' title="bbox 121 788 1212 992">
     <span class='ocr_line' id='line_1_4' title="bbox 164 788 1212 880; baseline -0.002 -20"><span class='ocrx_word' id='word_1_15' title='bbox 164 798 214 861; x_wconf 84' lang='lat' dir='ltr'><strong>Ex</strong></span> <span class='ocrx_word' id='word_1_16' title='bbox 233 791 336 859; x_wconf 80' lang='lat' dir='ltr'><strong>Gallia</strong></span> <span class='ocrx_word' id='word_1_17' title='bbox 352 790 504 880; x_wconf 83' lang='lat' dir='ltr'><strong>deinceps</strong></span> <span class='ocrx_word' id='word_1_18' title='bbox 523 788 558 856; x_wconf 92' lang='lat' dir='ltr'><strong>in</strong></span> <span class='ocrx_word' id='word_1_19' title='bbox 579 789 730 880; x_wconf 77' lang='lat' dir='ltr'><strong>Angliam</strong></span> <span class='ocrx_word' id='word_1_20' title='bbox 747 791 880 860; x_wconf 90' lang='lat' dir='ltr'><strong>consilio</strong></span> <span class='ocrx_word' id='word_1_21' title='bbox 906 805 939 859; x_wconf 87' lang='lat' dir='ltr'><strong>et</strong></span> <span class='ocrx_word' id='word_1_22' title='bbox 959 793 1091 860; x_wconf 88' lang='lat' dir='ltr'><strong>hortatu</strong></span> <span class='ocrx_word' id='word_1_23' title='bbox 1208 863 1212 872; x_wconf 53' lang='lat'>,</span> 
     </span>
     <span class='ocr_line' id='line_1_5' title="bbox 121 900 1092 992; baseline -0.003 -18"><span class='ocrx_word' id='word_1_24' title='bbox 121 904 289 974; x_wconf 89' lang='lat' dir='ltr'><strong>Edmundi</strong></span> <span class='ocrx_word' id='word_1_25' title='bbox 325 902 463 980; x_wconf 91' lang='lat' dir='ltr'><strong>Boneri,</strong></span> <span class='ocrx_word' id='word_1_26' title='bbox 496 900 646 992; x_wconf 83' lang='lat' dir='ltr'><strong>Episcopi</strong></span> <span class='ocrx_word' id='word_1_27' title='bbox 678 902 889 970; x_wconf 79' lang='lat' dir='ltr'><strong>londinensis</strong></span> <span class='ocrx_word' id='word_1_28' title='bbox 922 905 993 971; x_wconf 85' lang='lat' dir='ltr'><strong>auri</strong></span> <span class='ocrx_word' id='word_1_29' title='bbox 1024 905 1092 972; x_wconf 84' lang='lat' dir='ltr'><strong>fere</strong></span> 
     </span>
    </p>
   </div>
   <div class='ocr_carea' id='block_1_3' title="bbox 50 1013 1124 3577">
    <p class='ocr_par' dir='ltr' id='par_1_4' title="bbox 50 1013 1124 2790">
     <span class='ocr_line' id='line_1_6' title="bbox 121 1013 1092 1106; baseline -0.002 -20"><span class='ocrx_word' id='word_1_30' title='bbox 121 1030 251 1086; x_wconf 89' lang='lat' dir='ltr'><strong>montes</strong></span> <span class='ocrx_word' id='word_1_31' title='bbox 276 1016 308 1082; x_wconf 91' lang='lat' dir='ltr'><strong>ei</strong></span> <span class='ocrx_word' id='word_1_32' title='bbox 327 1013 530 1105; x_wconf 89' lang='lat' dir='ltr'><strong>pollicentis,</strong></span> <span class='ocrx_word' id='word_1_33' title='bbox 554 1013 708 1104; x_wconf 83' lang='lat' dir='ltr'><strong>pellectus</strong></span> <span class='ocrx_word' id='word_1_34' title='bbox 724 1028 772 1082; x_wconf 91' lang='lat' dir='ltr'><strong>est</strong></span> <span class='ocrx_word' id='word_1_35' title='bbox 794 1013 855 1105; x_wconf 91' lang='lat'>(1);</span> <span class='ocrx_word' id='word_1_36' title='bbox 878 1016 999 1104; x_wconf 86' lang='lat' dir='ltr'><strong>quibus</strong></span> <span class='ocrx_word' id='word_1_37' title='bbox 1021 1039 1092 1106; x_wconf 76' lang='lat' dir='ltr'><strong>pos-</strong></span> 
     </span>
     <span class='ocr_line' id='line_1_7' title="bbox 119 1126 1091 1219; baseline -0.001 -21"><span class='ocrx_word' id='word_1_38' title='bbox 119 1144 173 1198; x_wconf 82' lang='lat' dir='ltr'><strong>tea</strong></span> <span class='ocrx_word' id='word_1_39' title='bbox 197 1128 362 1219; x_wconf 88' lang='lat' dir='ltr'><strong>promissis</strong></span> <span class='ocrx_word' id='word_1_40' title='bbox 379 1139 463 1195; x_wconf 86' lang='lat' dir='ltr'><strong>stare</strong></span> <span class='ocrx_word' id='word_1_41' title='bbox 483 1126 539 1194; x_wconf 92' lang='lat' dir='ltr'><strong>ille</strong></span> <span class='ocrx_word' id='word_1_42' title='bbox 559 1150 626 1196; x_wconf 92' lang='lat' dir='ltr'><strong>non</strong></span> <span class='ocrx_word' id='word_1_43' title='bbox 648 1128 756 1217; x_wconf 91' lang='lat' dir='ltr'><strong>potuit</strong></span> <span class='ocrx_word' id='word_1_44' title='bbox 777 1127 1026 1196; x_wconf 84' lang='lat' dir='ltr'><strong>ob&#39;inclinatum</strong></span> <span class='ocrx_word' id='word_1_45' title='bbox 1055 1130 1091 1197; x_wconf 95' lang='lat' dir='ltr'><strong>in</strong></span> 
     </span>
     <span class='ocr_line' id='line_1_8' title="bbox 120 1239 1092 1331; baseline -0.001 -22"><span class='ocrx_word' id='word_1_46' title='bbox 120 1266 156 1309; x_wconf 91' lang='lat' dir='ltr'><strong>se</strong></span> <span class='ocrx_word' id='word_1_47' title='bbox 179 1240 268 1331; x_wconf 79' lang='lat' dir='ltr'><strong>regis</strong></span> <span class='ocrx_word' id='word_1_48' title='bbox 289 1240 444 1308; x_wconf 87' lang='lat' dir='ltr'><strong>studium.</strong></span> <span class='ocrx_word' id='word_1_49' title='bbox 468 1239 582 1306; x_wconf 88' lang='lat' dir='ltr'><strong>Junius</strong></span> <span class='ocrx_word' id='word_1_50' title='bbox 605 1239 725 1330; x_wconf 79' lang='lat' dir='ltr'><strong>igitur,</strong></span> <span class='ocrx_word' id='word_1_51' title='bbox 749 1261 851 1328; x_wconf 88' lang='lat' dir='ltr'><strong>quum</strong></span> <span class='ocrx_word' id='word_1_52' title='bbox 872 1240 1010 1308; x_wconf 87' lang='lat' dir='ltr'><strong>Thomas</strong></span> <span class='ocrx_word' id='word_1_53' title='bbox 1030 1245 1092 1308; x_wconf 87' lang='lat' dir='ltr'><strong>Ha-</strong></span> 
     </span>
     <span class='ocr_line' id='line_1_9' title="bbox 120 1351 1090 1439; baseline -0.001 -20"><span class='ocrx_word' id='word_1_54' title='bbox 120 1354 259 1439; x_wconf 85' lang='lat' dir='ltr'><strong>vardus‚</strong></span> <span class='ocrx_word' id='word_1_55' title='bbox 288 1354 364 1420; x_wconf 81' lang='lat' dir='ltr'><strong>Dux</strong></span> <span class='ocrx_word' id='word_1_56' title='bbox 393 1352 615 1421; x_wconf 84' lang='lat' dir='ltr'><strong>Nordofolciae</strong></span> <span class='ocrx_word' id='word_1_57' title='bbox 647 1374 721 1418; x_wconf 87' lang='lat' dir='ltr'><strong>eum</strong></span> <span class='ocrx_word' id='word_1_58' title='bbox 749 1352 936 1434; x_wconf 85' lang='lat' dir='ltr'><strong>invitasset,</strong></span> <span class='ocrx_word' id='word_1_59' title='bbox 968 1364 1007 1420; x_wconf 88' lang='lat' dir='ltr'><strong>ut</strong></span> <span class='ocrx_word' id='word_1_60' title='bbox 1028 1351 1090 1420; x_wconf 87' lang='lat' dir='ltr'><strong>sibi</strong></span> 
     </span>
     <span class='ocr_line' id='line_1_10' title="bbox 122 1462 1091 1554; baseline -0.002 -22"><span class='ocrx_word' id='word_1_61' title='bbox 122 1465 324 1533; x_wconf 77' lang='lat' dir='ltr'><strong>medicinam</strong></span> <span class='ocrx_word' id='word_1_62' title='bbox 349 1462 510 1532; x_wconf 81' lang='lat' dir='ltr'><strong>lectitaret</strong></span> <span class='ocrx_word' id='word_1_63' title='bbox 531 1477 564 1531; x_wconf 86' lang='lat' dir='ltr'><strong>et</strong></span> <span class='ocrx_word' id='word_1_64' title='bbox 591 1463 687 1530; x_wconf 88' lang='lat' dir='ltr'><strong>simul</strong></span> <span class='ocrx_word' id='word_1_65' title='bbox 705 1463 778 1549; x_wconf 89' lang='lat' dir='ltr'><strong>filii,</strong></span> <span class='ocrx_word' id='word_1_66' title='bbox 803 1463 929 1533; x_wconf 88' lang='lat' dir='ltr'><strong>comitis</strong></span> <span class='ocrx_word' id='word_1_67' title='bbox 958 1463 1091 1554; x_wconf 82' lang='lat' dir='ltr'><strong>Surreji‚</strong></span> 
     </span>
     <span class='ocr_line' id='line_1_11' title="bbox 122 1577 1093 1668; baseline -0.001 -22"><span class='ocrx_word' id='word_1_68' title='bbox 122 1577 241 1646; x_wconf 86' lang='lat' dir='ltr'><strong>studiis</strong></span> <span class='ocrx_word' id='word_1_69' title='bbox 262 1589 443 1667; x_wconf 81' lang='lat' dir='ltr'><strong>praeesset,</strong></span> <span class='ocrx_word' id='word_1_70' title='bbox 464 1600 571 1646; x_wconf 86' lang='lat' dir='ltr'><strong>annuo</strong></span> <span class='ocrx_word' id='word_1_71' title='bbox 593 1577 755 1667; x_wconf 89' lang='lat' dir='ltr'><strong>stipendio</strong></span> <span class='ocrx_word' id='word_1_72' title='bbox 778 1577 1017 1668; x_wconf 77' lang='lat' dir='ltr'><strong>quinquaginta</strong></span> <span class='ocrx_word' id='word_1_73' title='bbox 1037 1602 1093 1645; x_wconf 87' lang='lat' dir='ltr'><strong>nn·</strong></span> 
     </span>
     <span class='ocr_line' id='line_1_12' title="bbox 123 1688 1093 1783; baseline 0 -25"><span class='ocrx_word' id='word_1_74' title='bbox 123 1691 308 1783; x_wconf 83' lang='lat' dir='ltr'><strong>gelatorum</strong></span> <span class='ocrx_word' id='word_1_75' title='bbox 328 1701 456 1779; x_wconf 89' lang='lat' dir='ltr'><strong>praeter</strong></span> <span class='ocrx_word' id='word_1_76' title='bbox 476 1689 584 1757; x_wconf 87' lang='lat' dir='ltr'><strong>omnin</strong></span> <span class='ocrx_word' id='word_1_77' title='bbox 605 1688 689 1757; x_wconf 84' lang='lat' dir='ltr'><strong>ritae</strong></span> <span class='ocrx_word' id='word_1_78' title='bbox 711 1689 906 1775; x_wconf 88' lang='lat' dir='ltr'><strong>necessaria,</strong></span> <span class='ocrx_word' id='word_1_79' title='bbox 930 1690 1093 1759; x_wconf 82' lang='lat' dir='ltr'><strong>conditio-</strong></span> 
     </span>
     <span class='ocr_line' id='line_1_13' title="bbox 122 1801 1093 1893; baseline -0.002 -21"><span class='ocrx_word' id='word_1_80' title='bbox 122 1828 201 1874; x_wconf 89' lang='lat' dir='ltr'><strong>nem</strong></span> <span class='ocrx_word' id='word_1_81' title='bbox 229 1802 379 1870; x_wconf 85' lang='lat' dir='ltr'><strong>lubenter</strong></span> <span class='ocrx_word' id='word_1_82' title='bbox 409 1801 544 1891; x_wconf 86' lang='lat' dir='ltr'><strong>accepit.</strong></span> <span class='ocrx_word' id='word_1_83' title='bbox 566 1804 612 1892; x_wconf 82' lang='lat'><strong>(2)</strong></span> <span class='ocrx_word' id='word_1_84' title='bbox 636 1801 744 1874; x_wconf 85' lang='lat' dir='ltr'><strong>Vitam</strong></span> <span class='ocrx_word' id='word_1_85' title='bbox 769 1803 804 1868; x_wconf 93' lang='lat' dir='ltr'><strong>in</strong></span> <span class='ocrx_word' id='word_1_86' title='bbox 825 1802 941 1892; x_wconf 90' lang='lat' dir='ltr'><strong>optimi</strong></span> <span class='ocrx_word' id='word_1_87' title='bbox 963 1803 1093 1893; x_wconf 85' lang='lat' dir='ltr'><strong>patroni</strong></span> 
     </span>
     <span class='ocr_line' id='line_1_14' title="bbox 122 1897 1095 2004; baseline -0.002 -20"><span class='ocrx_word' id='word_1_88' title='bbox 122 1915 252 1984; x_wconf 66' lang='lat' dir='ltr'><strong>familie</strong></span> <span class='ocrx_word' id='word_1_89' title='bbox 274 1897 341 2004; x_wconf 43' lang='lat' dir='ltr'><strong>‘per</strong></span> <span class='ocrx_word' id='word_1_90' title='bbox 372 1937 426 1982; x_wconf 87' lang='lat' dir='ltr'><strong>sex</strong></span> <span class='ocrx_word' id='word_1_91' title='bbox 458 1937 559 1982; x_wconf 88' lang='lat' dir='ltr'><strong>annos</strong></span> <span class='ocrx_word' id='word_1_92' title='bbox 591 1915 800 2003; x_wconf 86' lang='lat' dir='ltr'><strong>tranquillam</strong></span> <span class='ocrx_word' id='word_1_93' title='bbox 832 1916 943 2000; x_wconf 84' lang='lat' dir='ltr'><strong>duxit,</strong></span> <span class='ocrx_word' id='word_1_94' title='bbox 976 1915 1095 2004; x_wconf 90' lang='lat' dir='ltr'><strong>quibus</strong></span> 
     </span>
     <span class='ocr_line' id='line_1_15' title="bbox 120 2025 1095 2119; baseline 0.001 -25"><span class='ocrx_word' id='word_1_95' title='bbox 120 2025 325 2119; x_wconf 69' lang='lat' dir='ltr'><strong>praetende,</strong></span> <span class='ocrx_word' id='word_1_96' title='bbox 348 2025 486 2094; x_wconf 83' lang='lat' dir='ltr'><strong>afflictus</strong></span> <span class='ocrx_word' id='word_1_97' title='bbox 501 2038 549 2094; x_wconf 84' lang='lat' dir='ltr'><strong>est</strong></span> <span class='ocrx_word' id='word_1_98' title='bbox 562 2026 711 2093; x_wconf 85' lang='lat' dir='ltr'><strong>maximis</strong></span> <span class='ocrx_word' id='word_1_99' title='bbox 730 2025 976 2094; x_wconf 80' lang='lat' dir='ltr'><strong>calamitatibus.</strong></span> <span class='ocrx_word' id='word_1_100' title='bbox 1008 2031 1095 2096; x_wconf 85' lang='lat' dir='ltr'><strong>Duce</strong></span> 
     </span>
     <span class='ocr_line' id='line_1_16' title="bbox 122 2138 1096 2229; baseline -0.006 -19"><span class='ocrx_word' id='word_1_101' title='bbox 122 2141 216 2210; x_wconf 91' lang='lat' dir='ltr'><strong>enim</strong></span> <span class='ocrx_word' id='word_1_102' title='bbox 243 2138 467 2208; x_wconf 88' lang='lat' dir='ltr'><strong>Nordofolciae</strong></span> <span class='ocrx_word' id='word_1_103' title='bbox 495 2140 728 2229; x_wconf 83' lang='lat' dir='ltr'><strong>mortu0‚-ejus</strong></span> <span class='ocrx_word' id='word_1_104' title='bbox 745 2139 833 2206; x_wconf 88' lang='lat' dir='ltr'><strong>filius</strong></span> <span class='ocrx_word' id='word_1_105' title='bbox 850 2161 995 2207; x_wconf 84' lang='lat' dir='ltr'><strong>summae</strong></span> <span class='ocrx_word' id='word_1_106' title='bbox 1027 2138 1096 2229; x_wconf 89' lang='lat' dir='ltr'><strong>spei</strong></span> 
     </span>
     <span class='ocr_line' id='line_1_17' title="bbox 119 2251 1124 2345; baseline -0.004 -23"><span class='ocrx_word' id='word_1_107' title='bbox 119 2252 252 2345; x_wconf 87' lang='lat' dir='ltr'><strong>juvenis</strong></span> <span class='ocrx_word' id='word_1_108' title='bbox 282 2251 434 2321; x_wconf 89' lang='lat' dir='ltr'><strong>omnibus</strong></span> <span class='ocrx_word' id='word_1_109' title='bbox 466 2251 560 2320; x_wconf 89' lang='lat' dir='ltr'><strong>bonis</strong></span> <span class='ocrx_word' id='word_1_110' title='bbox 594 2251 664 2319; x_wconf 90' lang='lat' dir='ltr'><strong>sine</strong></span> <span class='ocrx_word' id='word_1_111' title='bbox 687 2256 780 2319; x_wconf 80' lang='lat' dir='ltr'><strong>causa</strong></span> <span class='ocrx_word' id='word_1_112' title='bbox 804 2263 837 2318; x_wconf 90' lang='lat' dir='ltr'><strong>et</strong></span> <span class='ocrx_word' id='word_1_113' title='bbox 857 2251 931 2342; x_wconf 82' lang='lat' dir='ltr'><strong>lege</strong></span> <span class='ocrx_word' id='word_1_114' title='bbox 965 2251 1124 2319; x_wconf 42' lang='lat' dir='ltr'><strong>orbatus*</strong></span> 
     </span>
     <span class='ocr_line' id='line_1_18' title="bbox 50 2361 1097 2454; baseline -0.007 -19"><span class='ocrx_word' id='word_1_115' title='bbox 50 2381 53 2390; x_wconf 92' lang='lat'>&#39;</span> <span class='ocrx_word' id='word_1_116' title='bbox 121 2368 352 2435; x_wconf 86' lang='lat' dir='ltr'><strong>sceleratorum</strong></span> <span class='ocrx_word' id='word_1_117' title='bbox 371 2377 404 2432; x_wconf 90' lang='lat' dir='ltr'><strong>et</strong></span> <span class='ocrx_word' id='word_1_118' title='bbox 426 2364 666 2454; x_wconf 85' lang='lat' dir='ltr'><strong>conjuratorum</strong></span> <span class='ocrx_word' id='word_1_119' title='bbox 686 2363 859 2431; x_wconf 91' lang='lat' dir='ltr'><strong>hominum</strong></span> <span class='ocrx_word' id='word_1_120' title='bbox 886 2361 969 2430; x_wconf 90' lang='lat' dir='ltr'><strong>dolis</strong></span> <span class='ocrx_word' id='word_1_121' title='bbox 985 2386 1097 2430; x_wconf 87' lang='lat' dir='ltr'><strong>succu-</strong></span> 
     </span>
     <span class='ocr_line' id='line_1_19' title="bbox 121 2473 1096 2566; baseline -0.004 -22"><span class='ocrx_word' id='word_1_122' title='bbox 121 2477 199 2544; x_wconf 90' lang='lat' dir='ltr'><strong>buit</strong></span> <span class='ocrx_word' id='word_1_123' title='bbox 221 2489 254 2545; x_wconf 90' lang='lat' dir='ltr'><strong>et</strong></span> <span class='ocrx_word' id='word_1_124' title='bbox 276 2478 382 2566; x_wconf 89' lang='lat' dir='ltr'><strong>capite</strong></span> <span class='ocrx_word' id='word_1_125' title='bbox 405 2477 560 2543; x_wconf 84' lang='lat' dir='ltr'><strong>multatus</strong></span> <span class='ocrx_word' id='word_1_126' title='bbox 582 2489 641 2542; x_wconf 88' lang='lat' dir='ltr'><strong>est.</strong></span> <span class='ocrx_word' id='word_1_127' title='bbox 687 2479 758 2560; x_wconf 87' lang='lat' dir='ltr'><strong>Quo</strong></span> <span class='ocrx_word' id='word_1_128' title='bbox 778 2473 911 2564; x_wconf 90' lang='lat' dir='ltr'><strong>quidem</strong></span> <span class='ocrx_word' id='word_1_129' title='bbox 938 2497 1012 2540; x_wconf 91' lang='lat' dir='ltr'><strong>casu</strong></span> <span class='ocrx_word' id='word_1_130' title='bbox 1035 2477 1096 2540; x_wconf 85' lang='lat' dir='ltr'><strong>Ju-</strong></span> 
     </span>
     <span class='ocr_line' id='line_1_20' title="bbox 123 2585 1096 2678; baseline -0.004 -22"><span class='ocrx_word' id='word_1_131' title='bbox 123 2591 199 2656; x_wconf 88' lang='lat' dir='ltr'><strong>nius</strong></span> <span class='ocrx_word' id='word_1_132' title='bbox 220 2601 293 2656; x_wconf 91' lang='lat' dir='ltr'><strong>tum</strong></span> <span class='ocrx_word' id='word_1_133' title='bbox 309 2587 493 2678; x_wconf 89' lang='lat' dir='ltr'><strong>stipendio,</strong></span> <span class='ocrx_word' id='word_1_134' title='bbox 515 2600 585 2654; x_wconf 88' lang='lat' dir='ltr'><strong>tum</strong></span> <span class='ocrx_word' id='word_1_135' title='bbox 604 2586 803 2655; x_wconf 74' lang='lat' dir='ltr'><strong>bibliotheca</strong></span> <span class='ocrx_word' id='word_1_136' title='bbox 826 2586 912 2656; x_wconf 78' lang='lat' dir='ltr'><strong>bont</strong></span> <span class='ocrx_word' id='word_1_137' title='bbox 933 2585 1026 2675; x_wconf 79' lang='lat' dir='ltr'><strong>copil</strong></span> <span class='ocrx_word' id='word_1_138' title='bbox 1049 2587 1096 2677; x_wconf 82' lang='lat'><strong>(3)</strong></span> 
     </span>
     <span class='ocr_line' id='line_1_21' title="bbox 123 2699 733 2790; baseline -0.008 -20"><span class='ocrx_word' id='word_1_139' title='bbox 123 2715 300 2773; x_wconf 71' lang='lat' dir='ltr'><strong>auctorum,</strong></span> <span class='ocrx_word' id='word_1_140' title='bbox 319 2700 474 2767; x_wconf 71' lang='lat' dir='ltr'><strong>instructi</strong></span> <span class='ocrx_word' id='word_1_141' title='bbox 497 2699 651 2790; x_wconf 86' lang='lat' dir='ltr'><strong>spoliatus</strong></span> <span class='ocrx_word' id='word_1_142' title='bbox 675 2711 733 2766; x_wconf 92' lang='lat' dir='ltr'><strong>est.</strong></span> 
     </span>
    </p>

    <p class='ocr_par' dir='ltr' id='par_1_5' title="bbox 124 2810 1105 3577">
     <span class='ocr_line' id='line_1_22' title="bbox 169 2810 1099 2900; baseline -0.002 -20"><span class='ocrx_word' id='word_1_143' title='bbox 169 2817 302 2900; x_wconf 77' lang='lat' dir='ltr'><strong>Quantl</strong></span> <span class='ocrx_word' id='word_1_144' title='bbox 333 2833 408 2879; x_wconf 85' lang='lat' dir='ltr'><strong>vero</strong></span> <span class='ocrx_word' id='word_1_145' title='bbox 442 2815 540 2900; x_wconf 79' lang='lat' dir='ltr'><strong>opera</strong></span> <span class='ocrx_word' id='word_1_146' title='bbox 574 2823 607 2878; x_wconf 89' lang='lat' dir='ltr'><strong>et</strong></span> <span class='ocrx_word' id='word_1_147' title='bbox 635 2811 743 2879; x_wconf 89' lang='lat' dir='ltr'><strong>studio</strong></span> <span class='ocrx_word' id='word_1_148' title='bbox 767 2810 874 2878; x_wconf 90' lang='lat' dir='ltr'><strong>enisus</strong></span> <span class='ocrx_word' id='word_1_149' title='bbox 909 2810 1026 2895; x_wconf 86' lang='lat' dir='ltr'><strong>fuerit,</strong></span> <span class='ocrx_word' id='word_1_150' title='bbox 1060 2825 1099 2878; x_wconf 89' lang='lat' dir='ltr'><strong>ut</strong></span> 
     </span>
     <span class='ocr_line' id='line_1_23' title="bbox 124 2923 1100 3015; baseline -0.004 -21"><span class='ocrx_word' id='word_1_151' title='bbox 124 2926 260 2994; x_wconf 88' lang='lat' dir='ltr'><strong>amissos</strong></span> <span class='ocrx_word' id='word_1_152' title='bbox 281 2924 381 2992; x_wconf 89' lang='lat' dir='ltr'><strong>libros</strong></span> <span class='ocrx_word' id='word_1_153' title='bbox 399 2936 624 3012; x_wconf 87' lang='lat' dir='ltr'><strong>recuperaret,</strong></span> <span class='ocrx_word' id='word_1_154' title='bbox 648 2947 686 2990; x_wconf 83' lang='lat' dir='ltr'><strong>ex</strong></span> <span class='ocrx_word' id='word_1_155' title='bbox 710 2923 851 3013; x_wconf 77' lang='lat' dir='ltr'><strong>Epistola</strong></span> <span class='ocrx_word' id='word_1_156' title='bbox 879 2923 1003 2992; x_wconf 79' lang='lat' dir='ltr'><strong>ineditd</strong></span> <span class='ocrx_word' id='word_1_157' title='bbox 1023 2945 1100 3015; x_wconf 78' lang='lat' dir='ltr'><strong>cog-</strong></span> 
     </span>
     <span class='ocr_line' id='line_1_24' title="bbox 126 3033 1098 3127; baseline -0.008 -20"><span class='ocrx_word' id='word_1_158' title='bbox 126 3039 204 3108; x_wconf 81' lang='lat' dir='ltr'><strong>novi</strong></span> <span class='ocrx_word' id='word_1_159' title='bbox 240 3038 301 3127; x_wconf 84' lang='lat'>(4),</span> <span class='ocrx_word' id='word_1_160' title='bbox 339 3036 374 3103; x_wconf 89' lang='lat' dir='ltr'><strong>in</strong></span> <span class='ocrx_word' id='word_1_161' title='bbox 393 3040 458 3125; x_wconf 72' lang='lat' dir='ltr'><strong>qut</strong></span> <span class='ocrx_word' id='word_1_162' title='bbox 485 3035 615 3120; x_wconf 80' lang='lat' dir='ltr'><strong>scribit,</strong></span> <span class='ocrx_word' id='word_1_163' title='bbox 643 3035 804 3104; x_wconf 85' lang='lat' dir='ltr'><strong>»Absente</strong></span> <span class='ocrx_word' id='word_1_164' title='bbox 835 3059 887 3104; x_wconf 90' lang='lat' dir='ltr'><strong>me</strong></span> <span class='ocrx_word' id='word_1_165' title='bbox 923 3034 1037 3126; x_wconf 92' lang='lat' dir='ltr'><strong>procul</strong></span> <span class='ocrx_word' id='word_1_166' title='bbox 1062 3033 1098 3100; x_wconf 93' lang='lat' dir='ltr'><strong>in</strong></span> 
     </span>
     <span class='ocr_line' id='line_1_25' title="bbox 126 3147 1098 3238; baseline -0.006 -20"><span class='ocrx_word' id='word_1_167' title='bbox 126 3149 354 3234; x_wconf 68' lang='lat' dir='ltr'><strong>Nordofolcid,</strong></span> <span class='ocrx_word' id='word_1_168' title='bbox 388 3150 467 3216; x_wconf 91' lang='lat' dir='ltr'><strong>dum</strong></span> <span class='ocrx_word' id='word_1_169' title='bbox 496 3147 610 3238; x_wconf 89' lang='lat' dir='ltr'><strong>capitis</strong></span> <span class='ocrx_word' id='word_1_170' title='bbox 639 3150 810 3216; x_wconf 88' lang='lat' dir='ltr'><strong>arcessitur</strong></span> <span class='ocrx_word' id='word_1_171' title='bbox 840 3152 1002 3216; x_wconf 81' lang='lat' dir='ltr'><strong>Maecenas</strong></span> <span class='ocrx_word' id='word_1_172' title='bbox 1027 3158 1098 3212; x_wconf 90' lang='lat' dir='ltr'><strong>tum</strong></span> 
     </span>
     <span class='ocr_line' id='line_1_26' title="bbox 128 3258 1098 3351; baseline -0.005 -21"><span class='ocrx_word' id='word_1_173' title='bbox 128 3285 243 3348; x_wconf 88' lang='lat' dir='ltr'><strong>meus,</strong></span> <span class='ocrx_word' id='word_1_174' title='bbox 271 3267 388 3342; x_wconf 72' lang='lat' dir='ltr'><strong>(lomes</strong></span> <span class='ocrx_word' id='word_1_175' title='bbox 422 3260 614 3347; x_wconf 76' lang='lat' dir='ltr'><strong>sumimus,</strong></span> <span class='ocrx_word' id='word_1_176' title='bbox 653 3285 726 3351; x_wconf 87' lang='lat' dir='ltr'><strong>pars</strong></span> <span class='ocrx_word' id='word_1_177' title='bbox 761 3262 845 3329; x_wconf 91' lang='lat' dir='ltr'><strong>bona</strong></span> <span class='ocrx_word' id='word_1_178' title='bbox 881 3258 1098 3327; x_wconf 84' lang='lat' dir='ltr'><strong>bibliothecae</strong></span> 
     </span>
     <span class='ocr_line' id='line_1_27' title="bbox 129 3370 1099 3463; baseline -0.007 -20"><span class='ocrx_word' id='word_1_179' title='bbox 129 3398 242 3456; x_wconf 76' lang='lat' dir='ltr'><strong>meae,</strong></span> <span class='ocrx_word' id='word_1_180' title='bbox 267 3396 350 3463; x_wconf 90' lang='lat' dir='ltr'><strong>quae</strong></span> <span class='ocrx_word' id='word_1_181' title='bbox 380 3375 416 3441; x_wconf 93' lang='lat' dir='ltr'><strong>in</strong></span> <span class='ocrx_word' id='word_1_182' title='bbox 433 3375 561 3441; x_wconf 86' lang='lat' dir='ltr'><strong>Musaeo</strong></span> <span class='ocrx_word' id='word_1_183' title='bbox 583 3372 675 3453; x_wconf 82' lang='lat' dir='ltr'><strong>istius</strong></span> <span class='ocrx_word' id='word_1_184' title='bbox 698 3371 943 3456; x_wconf 66' lang='lat' dir='ltr'><strong>observabatur,</strong></span> <span class='ocrx_word' id='word_1_185' title='bbox 971 3370 1099 3461; x_wconf 82' lang='lat' dir='ltr'><strong>direpta</strong></span> 
     </span>
     <span class='ocr_line' id='line_1_28' title="bbox 128 3481 1105 3577; baseline -0.003 -22"><span class='ocrx_word' id='word_1_186' title='bbox 128 3487 206 3556; x_wconf 85' lang='lat' dir='ltr'><strong>fuit.</strong></span> <span class='ocrx_word' id='word_1_187' title='bbox 260 3491 299 3554; x_wconf 90' lang='lat' dir='ltr'><strong>ln</strong></span> <span class='ocrx_word' id='word_1_188' title='bbox 332 3491 369 3554; x_wconf 79' lang='lat' dir='ltr'><strong>ea</strong></span> <span class='ocrx_word' id='word_1_189' title='bbox 395 3487 622 3577; x_wconf 82' lang='lat' dir='ltr'><strong>recuperandd¹</strong></span> <span class='ocrx_word' id='word_1_190' title='bbox 642 3526 684 3540; x_wconf 91' lang='lat'>-</span> <span class='ocrx_word' id='word_1_191' title='bbox 709 3499 795 3554; x_wconf 89' lang='lat' dir='ltr'><strong>totus</strong></span> <span class='ocrx_word' id='word_1_192' title='bbox 813 3508 902 3554; x_wconf 92' lang='lat' dir='ltr'><strong>nunc</strong></span> <span class='ocrx_word' id='word_1_193' title='bbox 925 3508 1017 3570; x_wconf 89' lang='lat' dir='ltr'><strong>sum,</strong></span> <span class='ocrx_word' id='word_1_194' title='bbox 1044 3481 1105 3552; x_wconf 77' lang='lat' dir='ltr'><strong>co-&#39;</strong></span> 
     </span>
    </p>
   </div>
   <div class='ocr_carea' id='block_1_4' title="bbox 131 3597 1100 3692">
    <p class='ocr_par' dir='ltr' id='par_1_6' title="bbox 131 3597 1100 3692">
     <span class='ocr_line' id='line_1_29' title="bbox 131 3597 1100 3692; baseline -0.004 -24"><span class='ocrx_word' id='word_1_195' title='bbox 131 3622 258 3692; x_wconf 76' lang='lat' dir='ltr'><strong>gorque</strong></span> <span class='ocrx_word' id='word_1_196' title='bbox 288 3600 352 3666; x_wconf 92' lang='lat' dir='ltr'><strong>hac</strong></span> <span class='ocrx_word' id='word_1_197' title='bbox 382 3599 451 3689; x_wconf 72' lang='lat' dir='ltr'><strong>ipse</strong></span> <span class='ocrx_word' id='word_1_198' title='bbox 472 3598 513 3666; x_wconf 92' lang='lat' dir='ltr'><strong>de</strong></span> <span class='ocrx_word' id='word_1_199' title='bbox 536 3603 631 3667; x_wconf 77' lang='lat' dir='ltr'><strong>causd</strong></span> <span class='ocrx_word' id='word_1_200' title='bbox 654 3599 857 3690; x_wconf 86' lang='lat' dir='ltr'><strong>frequentius</strong></span> <span class='ocrx_word' id='word_1_201' title='bbox 881 3597 1100 3691; x_wconf 90' lang='lat' dir='ltr'><strong>potentiorum</strong></span> 
     </span>
    </p>
   </div>
   <div class='ocr_carea' id='block_1_5' title="bbox 164 3724 1099 4066">
    <p class='ocr_par' dir='ltr' id='par_1_7' title="bbox 164 3724 1099 3975">
     <span class='ocr_line' id='line_1_30' title="bbox 165 3724 1099 3798; baseline -0.002 -24"><span class='ocrx_word' id='word_1_202' title='bbox 165 3724 204 3795; x_wconf 89' lang='lat'><strong>(1)</strong></span> <span class='ocrx_word' id='word_1_203' title='bbox 222 3727 260 3776; x_wconf 83' lang='lat' dir='ltr'><strong>Cl.</strong></span> <span class='ocrx_word' id='word_1_204' title='bbox 275 3727 318 3792; x_wconf 88' lang='lat' dir='ltr'><strong>Ep.</strong></span> <span class='ocrx_word' id='word_1_205' title='bbox 337 3724 449 3774; x_wconf 77' lang='lat' dir='ltr'><strong>Vulcacio</strong></span> <span class='ocrx_word' id='word_1_206' title='bbox 465 3742 489 3790; x_wconf 92' lang='lat' dir='ltr'><strong>p.</strong></span> <span class='ocrx_word' id='word_1_207' title='bbox 509 3725 560 3774; x_wconf 82' lang='lat'><strong>178</strong></span> <span class='ocrx_word' id='word_1_208' title='bbox 576 3735 600 3774; x_wconf 86' lang='lat' dir='ltr'><strong>ct</strong></span> <span class='ocrx_word' id='word_1_209' title='bbox 618 3729 660 3791; x_wconf 85' lang='lat' dir='ltr'><strong>Ep.</strong></span> <span class='ocrx_word' id='word_1_210' title='bbox 679 3726 836 3798; x_wconf 78' lang='lat' dir='ltr'><strong>CardlnsHum</strong></span> <span class='ocrx_word' id='word_1_211' title='bbox 853 3727 980 3776; x_wconf 74' lang='lat' dir='ltr'><strong>Conseuui.</strong></span> <span class='ocrx_word' id='word_1_212' title='bbox 997 3741 1022 3790; x_wconf 92' lang='lat' dir='ltr'><strong>p.</strong></span> <span class='ocrx_word' id='word_1_213' title='bbox 1039 3725 1099 3773; x_wconf 72' lang='lat'><strong>³92.</strong></span> 
     </span>
     <span class='ocr_line' id='line_1_31' title="bbox 166 3815 1099 3886; baseline -0.002 -21"><span class='ocrx_word' id='word_1_214' title='bbox 166 3816 206 3886; x_wconf 65' lang='grc' dir='ltr'><strong>(Β)</strong></span> <span class='ocrx_word' id='word_1_215' title='bbox 223 3818 261 3866; x_wconf 76' lang='lat' dir='ltr'><strong>Cf.</strong></span> <span class='ocrx_word' id='word_1_216' title='bbox 279 3817 321 3883; x_wconf 86' lang='lat' dir='ltr'><strong>Ep.</strong></span> <span class='ocrx_word' id='word_1_217' title='bbox 340 3817 399 3866; x_wconf 87' lang='lat' dir='ltr'><strong>Dnei</strong></span> <span class='ocrx_word' id='word_1_218' title='bbox 416 3815 511 3864; x_wconf 83' lang='lat' dir='ltr'><strong>llordos.</strong></span> <span class='ocrx_word' id='word_1_219' title='bbox 528 3832 553 3881; x_wconf 92' lang='lat' dir='ltr'><strong>p.</strong></span> <span class='ocrx_word' id='word_1_220' title='bbox 573 3818 622 3866; x_wconf 76' lang='lat'><strong>14⁰</strong></span> <span class='ocrx_word' id='word_1_221' title='bbox 639 3826 663 3868; x_wconf 83' lang='lat' dir='ltr'><strong>ct</strong></span> <span class='ocrx_word' id='word_1_222' title='bbox 680 3819 723 3882; x_wconf 91' lang='lat' dir='ltr'><strong>Ep.</strong></span> <span class='ocrx_word' id='word_1_223' title='bbox 743 3819 868 3867; x_wconf 85' lang='lat' dir='ltr'><strong>Gardinero</strong></span> <span class='ocrx_word' id='word_1_224' title='bbox 886 3819 929 3884; x_wconf 91' lang='lat' dir='ltr'><strong>Ep.</strong></span> <span class='ocrx_word' id='word_1_225' title='bbox 948 3817 1013 3866; x_wconf 76' lang='lat' dir='ltr'><strong>vina.</strong></span> <span class='ocrx_word' id='word_1_226' title='bbox 1021 3832 1045 3880; x_wconf 90' lang='lat' dir='ltr'><strong>p.</strong></span> <span class='ocrx_word' id='word_1_227' title='bbox 1057 3818 1099 3863; x_wconf 80' lang='lat' dir='ltr'><strong>le.</strong></span> 
     </span>
     <span class='ocr_line' id='line_1_32' title="bbox 164 3889 629 3975; baseline -0.004 -17"><span class='ocrx_word' id='word_1_228' title='bbox 164 3907 331 3975; x_wconf 66' lang='lat' dir='ltr'><strong>(occis</strong></span> <span class='ocrx_word' id='word_1_229' title='bbox 478 3889 508 3922; x_wconf 65' lang='lat'>¹</span> <span class='ocrx_word' id='word_1_230' title='bbox 620 3906 629 3922; x_wconf 66' lang='lat'>⁸</span> 
     </span>
    </p>

    <p class='ocr_par' dir='ltr' id='par_1_8' title="bbox 168 3997 554 4066">
     <span class='ocr_line' id='line_1_33' title="bbox 168 3997 554 4066; baseline -0.003 -19"><span class='ocrx_word' id='word_1_231' title='bbox 168 3997 204 4066; x_wconf 79' lang='lat'><strong>(4)</strong></span> <span class='ocrx_word' id='word_1_232' title='bbox 223 4001 265 4065; x_wconf 87' lang='lat' dir='ltr'><strong>Ep.</strong></span> <span class='ocrx_word' id='word_1_233' title='bbox 282 4001 328 4048; x_wconf 74' lang='lat'><strong>118.</strong></span> <span class='ocrx_word' id='word_1_234' title='bbox 347 4001 450 4066; x_wconf 75' lang='lat' dir='ltr'><strong>l’rineipi</strong></span> <span class='ocrx_word' id='word_1_235' title='bbox 468 3998 554 4065; x_wconf 78' lang='lat' dir='ltr'><strong>Anglo.</strong></span> 
     </span>
    </p>
   </div>
   <div class='ocr_carea' id='block_1_6' title="bbox 0 0 1485 4996">
    <p class='ocr_par' dir='ltr' id='par_1_9' title="bbox 0 0 1485 4996">
     <span class='ocr_line' id='line_1_34' title="bbox 0 0 1485 4996; baseline 0 0"><span class='ocrx_word' id='word_1_236' title='bbox 0 0 1485 4996; x_wconf 95' lang='lat' dir='ltr'><strong> </strong></span> 
     </span>
    </p>
   </div>
  </div>
 </body>
</html>
