2930 4996
791 354 833 416 311

325 543 411 610 cium
419 535 646 626 Prsweptoris,
657 533 747 622 quod
758 533 794 600 iu
802 508 1017 614 institutione,
1030 531 1302 602 inflammatione·

324 677 389 743 que
410 653 453 718 ad
475 651 582 718 literas
602 645 776 738 praecipue
802 644 1032 728 consumitur,
1055 653 1155 717 tuest·
1173 653 1235 727 ἳχιι
1250 657 1299 714 ets

324 777 422 846 hess,
443 777 481 832 ut
503 761 686 832 Aristotelis
704 775 778 829 uter
803 760 919 830 verbis.
966 759 1056 844 Quid
1076 759 1166 828 euim
1190 783 1301 848 qusn-

324 889 459 966 tumque
480 875 541 944 tibi
556 874 705 960 debeam,
724 871 828 940 enimi
843 871 973 962 parenti
995 870 1171 956 videlicet,
1188 872 1302 938 haud·
1353 965 1355 970 Ι

322 1009 488 1078 qusquam
512 988 628 1056 tacitus
649 1007 812 1078 agnosco,
835 983 905 1054 imo
927 983 1186 1072 quotiescunque
1201 982 1298 1050 detur

322 1101 565 1190 opportunitas,
592 1100 735 1168 libenter
757 1101 1039 1186 summdquecum
1063 1095 1168 1162 enimi
1185 1095 1298 1185 volup-

322 1223 388 1280 tste
410 1215 535 1298 rooolo,
557 1226 596 1280 ut
616 1212 670 1280 cui
691 1210 848 1279 debeatur
867 1208 1028 1298 quioquid
1049 1206 1119 1278 tere
1138 1207 1297 1292 inliteris‚

320 1349 522 1418 quamquem
555 1325 713 1417 exiguum
734 1323 818 1390 illud
847 1323 904 1405 sit,
937 1321 1149 1412 profecerim:
1171 1345 1249 1390 uam
1270 1323 1297 1388 si

320 1440 402 1530 quid
424 1439 584 1508 industrid
605 1441 678 1508 med
701 1449 735 1506 et
759 1435 869 1504 lobore
888 1434 1072 1524 adjumenti
1091 1433 1171 1540 buc·
1187 1457 1296 1502 uoces-

319 1551 413 1638 serit,
445 1551 481 1618 id
508 1563 619 1618 temen
642 1571 740 1618 omne
763 1546 889 1638 primae
911 1559 988 1613 tuse
1021 1544 1220 1614 institutioni
1240 1568 1295 1612 ec-

319 1677 450 1756 oeptum
471 1687 537 1732 esse
561 1661 772 1732 referendum
796 1657 906 1726 nullus
929 1656 1092 1726 inficior.’'

362 1781 406 1846 tt
426 1799 501 1846 vero
526 1797 593 1842 nou
613 1772 717 1840 verbis
733 1783 861 1838 tentum
881 1771 1023 1862 gretiam
1042 1771 1178 1856 retulit,
1198 1772 1295 1838 immo

319 1911 354 1958 re
375 1889 443 1979 ipss
467 1885 640 1978 probavit,
665 1907 699 1952 se
713 1883 856 1974 dignum
877 1907 946 1952 esse
974 1883 1185 1978 discipulum.
1217 1887 1292 1951 Ete-

321 1999 391 2068 nim
417 2021 498 2088 quos
527 1997 653 2066 fructus
681 2019 720 2064 er
741 1994 947 2064 institutione
977 1997 1128 2088 Meysteri
1154 1995 1295 2087 percepit

320 2133 387 2179 non
407 2108 538 2202 ignovit
559 2109 704 2202 perdidit
725 2109 783 2178 sed
802 2109 911 2178 studio
936 2110 1027 2177 suxit
1049 2110 1085 2177 in
1108 2109 1293 2202 perigrina-

320 2221 466 2292 tionibus
487 2235 522 2292 et
543 2237 654 2316 postes
673 2225 777 2293 redux
796 2221 832 2290 iu
849 2222 1003 2313 putrium,
1019 2226 1138 2291 Rector
1157 2221 1292 2291 Herlemi

319 2350 463 2425 creatus,
485 2343 550 2428 qut
570 2338 606 2407 in
620 2338 730 2409 seholt
742 2337 822 2406 olim
837 2336 1004 2405 doctrinae
1017 2350 1195 2406 sementem
1211 2337 1292 2404 feee-

319 2465 388 2539 rot,
411 2453 492 2522 huic
512 2475 650 2522 messem
672 2452 764 2542 largo
785 2449 918 2519 foenore
940 2448 1105 2517 retribuit.
1135 2450 1202 2517 Etsi
1224 2473 1291 2518 om-

318 2591 375 2638 ues
407 2568 556 2636 doctrino
580 2565 732 2654 aequales
752 2564 788 2630 in
814 2563 919 2653 pstrid
953 2576 1139 2653 superaret,
1172 2565 1293 2632 modes-

319 2691 370 2744 tus
397 2689 467 2744 eret
496 2697 694 2771 omnemque
716 2676 848 2742 inanem
871 2675 1009 2766 gloriam
1032 2676 1173 2765 sprevit,
1196 2699 1290 2765 quiam

319 2789 418 2878 vulgo
440 2788 609 2856 semidocti
631 2799 761 2878 captare
783 2788 927 2856 student.
951 2792 992 2855 In
1013 2787 1208 2878 quotidiund
1223 2811 1293 2856 con-

320 2897 495 2968 suetudiue
517 2912 589 2968 tum
607 2901 775 2991 jucundus
798 2915 831 2969 et
850 2900 993 2986 facetus,
1018 2916 1090 2969 tum
1113 2925 1190 2972 tero
1220 2925 1293 2993 gre,-

321 3011 369 3078 vis
396 3022 431 3078 et
454 3009 572 3096 serius,
601 3013 650 3080 uti
678 3035 729 3082 res
751 3012 949 3102 portulerct,
973 3036 1049 3082 cum
1074 3013 1208 3083 nemine
1230 3035 1293 3082 non

321 3125 476 3196 lubenter
496 3149 660 3196 sermones
680 3126 849 3210 miscebat,
871 3127 948 3214 quia
971 3128 1013 3194 ab
1031 3126 1184 3194 omnibus
1198 3127 1293 3195 etiam

322 3238 456 3310 infimae
474 3240 568 3310 sortis
586 3239 777 3312 hominibus
789 3237 916 3327 aliquid
930 3239 1010 3306 disci
1031 3241 1293 3328 posscexistima·

321 3349 389 3418 bat.
412 3355 534 3420 Ferunt
555 3355 596 3422 de
611 3354 684 3424 Joh.
707 3351 889 3437 sambuco,
905 3374 981 3420 eum
996 3358 1118 3442 megnt
1131 3353 1193 3420 viri
1211 3353 1293 3420 fame

321 3474 533 3546 commotum,
541 3478 579 3530 ut
590 3465 815 3533 illumvideret
823 3476 856 3532 et
867 3465 1032 3549 salutaret,
1045 3465 1107 3532 iter
1117 3464 1152 3532 in
1162 3466 1296 3534 Hollsn-

321 3573 410 3640 diem
431 3571 560 3642 fecisse:
587 3575 774 3644 Heriemum
803 3577 904 3670 igitur
926 3600 1001 3644 cum
1024 3576 1163 3645 venisset
1179 3627 1188 3661 ‚
1207 3577 1294 3644 Junii

320 3683 415 3752 tedes
437 3685 546 3754 stetim
564 3685 682 3754 adiisse
703 3688 815 3778 ibique
839 3690 1017 3770 audivisse,
1043 3689 1178 3757 Junium
1208 3691 1294 3758 domi

321 3818 388 3866 non
409 3821 488 3886 csse,
509 3800 566 3870 sed
586 3798 698 3870 sedere
718 3800 751 3866 in
773 3808 919 3894 caupone
939 3804 1024 3870 inter
1038 3798 1182 3894 opifices.
1201 3804 1295 3888 Quod

321 3909 365 3978 itu
387 3933 484 4002 aegre
504 3911 683 4008 sambucus
704 3913 834 4000 tulerit,
859 3930 912 4002 ut,
935 3939 977 3983 ne
998 3929 1139 4005 spectato
1160 3915 1295 4004 quidem
