2930 4996
605 375 646 438 25

138 555 487 651 appropinquantibus,
502 554 631 626 ridetur
646 555 717 645 jam
737 555 779 624 de
798 557 927 626 civitate
937 557 1111 650 desperans

139 686 270 764 partem
287 672 430 761 aliquam
445 693 553 738 rerum
574 693 704 738 suarum
722 684 755 738 et
770 672 964 762 scriptorum
975 659 1111 742 Alcma-

139 787 226 854 riam
244 785 367 854 misisse
391 785 426 852 in
443 784 623 853 custodiam
643 783 740 852 amici
761 785 1003 872 ldcerboutani,
1019 788 1111 877 quod

139 923 182 968 er
212 899 353 989 Epistola
378 897 503 966 inedita
522 897 566 988 (1)
586 896 721 989 colligo,
750 919 836 986 quae
860 898 906 966 ita
936 923 969 968 se
995 901 1108 970 habet.

139 1012 264 1082 »Vobis
291 1014 489 1099 uestraeque
507 1011 610 1094 Urbi,
631 1009 754 1078 Clariss.
784 1015 899 1094 Putre,
926 1014 1109 1102 gratularer

137 1122 322 1192 bomar-ne
349 1123 545 1212 praeclaram
563 1136 597 1190 et
616 1122 759 1190 vinnm
773 1123 860 1192 oeno
879 1105 1032 1193 sinuum
1052 1126 1108 1193 ci-

136 1235 231 1302 vium
240 1247 273 1302 et
282 1234 434 1324 praesidii
444 1235 662 1304 celebraturus
683 1236 732 1326 (ut
744 1235 846 1304 libere
860 1248 968 1304 tecum
982 1237 1113 1328 loquar)
1140 1225 1145 1234 ’

137 1347 204 1415 nisi
229 1347 344 1415 tacitae
365 1347 533 1438 cujusdam
555 1347 697 1416 invidiae
728 1349 771 1416 ob
801 1348 935 1416 afflictos
951 1361 1115 1418 nostrates

137 1461 284 1530 fortunam
304 1459 500 1528 conscientirl
514 1471 676 1549 tangerer.
689 1495 735 1512 -
754 1461 910 1551 Agendae
925 1474 1033 1530 tamen
1054 1461 1111 1528 in-

136 1572 234 1641 terim
255 1575 323 1640 Deo
344 1574 421 1661 Opt.
437 1575 517 1638 Max.
533 1571 729 1640 immortales
750 1571 873 1662 gratiae
894 1585 1036 1662 protam
1056 1572 1109 1642 fc-

137 1685 194 1753 lici
212 1707 320 1752 rerum
341 1705 499 1752 successu.
514 1721 555 1736 -
568 1683 660 1752 lditto
675 1683 758 1752 istuc
773 1687 905 1752 Petrum
918 1684 1026 1754 filium
1037 1709 1108 1754 me·

138 1820 195 1864 um
205 1794 275 1886 qui,
292 1795 466 1884 impetrato
487 1808 670 1866 commeatu
686 1795 801 1881 libero,
813 1819 863 1864 res
872 1818 960 1862 meas
969 1810 1002 1864 ct
1010 1798 1113 1888 scrip,

137 1923 184 1991 ta,
196 1930 335 1996 quorum
350 1906 535 1974 incredibili
556 1908 660 1976 teneri
670 1931 724 1976 me
735 1907 895 1976 desiderio
906 1908 1026 1978 mirum
1041 1933 1116 1980 non.

139 2033 208 2104 est,
231 2019 361 2109 navigio
383 2019 450 2086 buc
470 2042 530 2108 per
549 2041 639 2088 mare
653 2019 793 2106 referat;
816 2043 854 2088 ea
874 2043 949 2090 uero
974 2021 1056 2109 quin
1072 2033 1118 2102 ut,

137 2132 271 2223 hospitii
291 2135 362 2198 tuti
380 2155 418 2199 ac
443 2135 554 2200 securi
578 2131 718 2200 statione
741 2132 830 2221 apud
855 2144 888 2200 te
904 2132 1040 2200 fuerunt
1059 2157 1110 2201 ac·

139 2258 232 2336 cepta
260 2258 294 2312 et
321 2257 498 2328 asservata,
524 2244 569 2312 ita
589 2267 718 2312 rursum
746 2243 786 2310 iis
806 2243 909 2312 libere
923 2244 1108 2334 emigrandi
1202 2325 1205 2335 A

138 2370 331 2450 potestatem
344 2357 386 2424 sis
399 2356 554 2442 facturus,
575 2379 643 2424 non
657 2355 782 2424 dubito.
794 2393 840 2410 -··
849 2355 984 2444 Delphis
1001 2356 1111 2445 pridie

139 2473 191 2540 Jd.
209 2474 281 2540 Oct.
303 2494 333 2555 a,
360 2471 477 2538 low

146 2735 151 2764 t
185 2703 255 2786 §5.
298 2700 438 2790 Delphis
461 2707 622 2764 moratur.
641 2697 893 2790 Mediodurgom
913 2698 1064 2766 discedit.

549 2809 709 2876 Mon'tur.
814 2843 822 2860 ·

189 3037 321 3128 Delphis
353 3038 432 3104 dum
461 3036 659 3104 medicinam
693 3035 865 3104 adhiberet
889 3035 1051 3104 Gulielmo
1077 3040 1120 3120 l,¹

140 3156 237 3221 Corn.
254 3149 394 3217 Cruserii
409 3148 468 3214 viri
484 3147 710 3215 humanissimi
726 3147 867 3238 bospitio
885 3171 960 3213 usus
984 3159 1041 3229 cst,
1057 3145 1110 3212 cui

138 3264 240 3354 hujus
256 3259 410 3330 beneficii
444 3264 539 3329 causd
568 3284 602 3328 se
630 3273 757 3328 tantum
785 3260 921 3342 debere,
948 3269 1110 3348 quantum

139 3376 328 3446 mortalium
338 3374 475 3460 nemini,
488 3386 580 3464 grato
592 3371 701 3441 animo
710 3384 820 3462 postea
829 3367 991 3448 confessus
1002 3371 1062 3460 est(
1083 3367 1107 3458 ).
1120 3433 1121 3440 ,

140 3488 372 3558 Gravissimum
396 3500 503 3555 autern
532 3509 571 3554 eo
594 3500 740 3576 tempore
767 3483 797 3552 ei
826 3497 917 3566 erat,
947 3483 1039 3573 quod
1068 3482 1112 3550 ab

141 3623 240 3672 uxore
260 3614 294 3669 et
322 3600 434 3670 liberis
453 3611 595 3670 remotus
615 3599 719 3668 eliam
744 3598 902 3668 librorum
924 3621 985 3665 usu
1001 3594 1113 3687 privu-

174 3887 212 3954 (1)
228 3891 270 3954 Ep.
282 3889 324 3938 ns.
336 3889 405 3937 Petro
416 3888 588 3938 lleerlrontano.
695 3896 699 3904 '

173 3976 208 4047 (2)
222 3980 259 4028 Cl.
272 3981 315 4045 Ep.
328 3981 395 4029 Corn.
408 3981 513 4030 Gruterio
522 3995 546 4046 p.
559 3981 619 4030 258.
