2946 5002
157 569 204 636 vit
228 567 513 660 (1).1tesautem
535 579 662 657 praeter
679 565 867 658 opinionem
894 572 1032 655 cecidit,
1055 593 1132 640 nam

156 678 343 750 Londinum
368 701 444 746 cum
458 677 626 770 uenisset,
646 679 762 770 regius.
774 677 858 748 forte
878 680 926 749 ibi
948 683 1060 752 aberat
1081 697 1134 775 ty-

156 792 363 885 pographus,
391 813 457 880 quo
484 803 518 858 ct
541 812 621 882 opus
640 791 863 874 retardabatur
888 806 921 861 ct
945 794 1053 884 pluras
1082 796 1135 864 fa-

159 927 233 972 cere
257 917 382 972 sumtus
409 904 524 972 lunius
551 905 737 996 cogebatur.
770 906 904 996 Scripsit
927 907 963 975 in
992 908 1134 999 Epistola

160 1016 287 1085 inedita
316 1016 396 1106 (2).'.'
421 1021 557 1086 Carmen
577 1016 746 1086 heroicum
769 1039 834 1106 quo
859 1019 980 1110 Regias
1003 1021 1137 1111 nuptias

156 1132 363 1219 honoresque
386 1130 547 1200 exhibitos
560 1131 689 1220 poetico
711 1131 784 1198 lusu
805 1131 971 1222 descripsi,
997 1133 1133 1223 Philip-

160 1244 276 1334 peidos
316 1243 448 1311 nomine
488 1267 506 1308 a
547 1266 599 1311 mc
635 1243 814 1329 donatum,
847 1245 918 1333 jam
950 1229 1133 1313 absolutum
1172 1297 1175 1304 .

160 1357 272 1447 praelo
295 1357 422 1424 tradere
450 1355 617 1440 constitui,
652 1356 813 1454 Regique
830 1379 869 1423 ac
893 1355 1042 1447 Reginae
1075 1359 1134 1426 ol-

160 1471 259 1538 ferre.
283 1474 420 1558 Jamque
445 1493 462 1536 a
486 1468 600 1560 praelii
625 1469 736 1538 labore
756 1469 962 1560 respirasset,
985 1471 1048 1538 nisi
1064 1472 1134 1561 jam

160 1596 244 1651 totos
263 1597 336 1651 octo
359 1595 392 1651 et
412 1581 551 1672 amplius
573 1583 642 1650 dies
665 1583 794 1673 ingrata
815 1606 940 1652 remora
964 1585 1134 1668 tardasset,
1175 1635 1179 1640 ·

161 1696 243 1764 dum
263 1695 387 1786 Regius
408 1696 643 1786 Typographus
663 1695 747 1762 mihi
772 1709 975 1786 exspectatur
999 1719 1137 1787 peregre

152 1807 336 1898 profectus.
360 1807 461 1875 Lond.
487 1815 506 1876 7
530 1809 619 1897 Sept.
642 1831 673 1876 a.
701 1814 783 1876 1554
804 1807 883 1899 (³).”
900 1808 994 1876 Edita
1014 1809 1138 1898 Philip·

161 1920 233 2008 peis
255 1933 304 1986 est
324 1918 465 2004 Londini
486 1944 516 1986 a.
544 1927 641 1988 1554.
664 1920 700 1986 in
723 1928 759 1989 4⁰
783 1920 840 2011 (4).

209 2033 273 2102 Sed
294 2033 404 2100 minus
425 2032 604 2102 liberaliter
629 2055 729 2122 quam
751 2045 946 2123 speraverat,
969 2057 1045 2101 eum
1067 2036 1138 2100 Rex

161 2157 387 2214 remuneratus
408 2158 472 2230 est,
493 2168 594 2234 aquo
620 2146 744 2214 donum
768 2145 979 2236 trigintasex
996 2169 1139 2214 corona-

163 2272 276 2354 torum
305 2279 476 2326 aureorum
504 2257 646 2347 accepit,
670 2256 827 2347 exiguum
848 2280 925 2324 sane
946 2279 1005 2347 pro
1029 2257 1141 2326 labore

163 2385 197 2441 et
217 2370 400 2457 sumtibus,
431 2392 511 2460 quos
531 2369 610 2444 huic
631 2369 723 2460 operi
749 2368 965 2458 impenderat.
1006 2371 1053 2436 De
1074 2376 1139 2458 qut

197 2586 235 2657 (l)
258 2589 336 2638 Primo
357 2589 424 2638 lunii
450 2589 497 2637 suit
519 2591 641 2639 consilium
666 2589 758 2638 mittere
775 2585 946 2654 Philippeidem
969 2585 1097 2636 londinum
1113 2587 1140 2634 ad

163 2684 214 2730 llic.
233 2680 447 2741 Guldensterrium,
466 2697 565 2746 eumque
583 2697 646 2729 orare
665 2689 692 2753 ut
708 2697 757 2728 eam
775 2680 825 2744 regi
839 2677 955 2727 traderet:
973 2675 1037 2744 quod
1053 2678 1142 2724 utinam

162 2769 269 2822 lecisset!
300 2774 337 2821 (ΖΙ.
356 2773 399 2838 Ep.
418 2773 464 2820 llS.
483 2771 513 2820 ad
531 2773 558 2819 lt.
578 2770 699 2844 Guldemt.
726 2767 822 2818 »liabeo
841 2767 1021 2836 Epithalamium
1039 2767 1142 2816 adcen-

165 2866 239 2914 tnrias
267 2864 364 2930 aliquot·
380 2879 488 2912 versuum
506 2862 617 2928 longum,
644 2879 697 2911 nam
719 2860 791 2911 moles
815 2862 951 2911 inreutIone
973 2862 1032 2909 nori
1055 2877 1144 2926 semper

163 2956 257 3021 gliscit,
286 2956 312 3003 in
335 2957 411 3020 regias
434 2956 540 3020 nuptias,
564 2953 605 3004 ted
628 2956 683 3022 quia
703 2955 781 3003 varius
799 2953 838 3002 bic
854 2963 889 3002 est
907 2969 1000 3018 rumor,
1023 2963 1048 3001 et
1071 2963 1098 3002 ut
1119 2954 1144 3002 in

163 3047 235 3114 vulgo
257 3046 330 3110 solet,
350 3045 477 3110 incertus,
491 3048 579 3112 optime
601 3045 720 3095 laboribus
742 3047 799 3096 meis
823 3045 927 3094 consulet
944 3046 971 3095 Τ.
993 3047 1051 3094 lixc.
1068 3046 1087 3092 si
1107 3063 1144 3092 me

164 3139 242 3190 tribus
257 3139 366 3204 dignetur
385 3137 464 3187 verbis
484 3140 606 3187 certiorem
627 3140 717 3202 lacere,
737 3155 835 3186 manuve
858 3137 998 3201 descriptum
1027 3115 1144 3200 exemplar

164 3251 195 3283 aa
217 3236 281 3300 typis
295 3248 417 3299 procusum
439 3230 579 3282 mittendum
592 3231 713 3296 videatur;
732 3230 790 3278 adde
807 3229 853 3278 huc
878 3245 907 3276 an
924 3229 994 3274 etiam
1012 3209 1145 3292 ¹praesentia

166 3331 198 3378 sit
213 3345 271 3393 opus
291 3327 383 3392 nostrai,
403 3343 433 3375 aa
448 3342 504 3374 vero
526 3324 616 3374 tibi'in
639 3342 731 3374 manum
753 3323 868 3372 summitti
886 3329 1002 3387 praestet,
1021 3317 1078 3366 hacc
1103 3335 1145 3384 pro

166 3437 245 3470 amore
261 3421 287 3468 in
309 3435 345 3468 me
367 3428 408 3468 tao
420 3417 497 3467 obiter
515 3427 540 3466 et
560 3427 621 3466 tecte
637 3417 737 3466 scribere
757 3417 777 3464 si
800 3404 857 3462 non'
868 3403 1014 3478 mereberis,
1029 3427 1082 3469 rem
1099 3427 1146 3460 non

168 3515 283 3578 ingratam
301 3520 325 3559 et
343 3509 453 3560 beneficii
468 3509 520 3560 loco
540 3508 668 3559 hahendam
691 3510 856 3575 praestiturum
873 3515 896 3554 te
922 3505 980 3554 mihi
1004 3506 1143 3554 existimato.

168 3599 302 3653 llarlemo.''

203 3693 241 3764 (ὃ)
258 3694 301 3760 Ep.
320 3694 366 3742 llS.
383 3695 449 3744 Gons.
467 3696 568 3743 Petreio.

203 3785 241 3854 (3)
257 3786 358 3852 liuptiae
376 3785 504 3836 celebratae
521 3788 556 3835 25
575 3784 634 3834 Julii
652 3801 673 3831 a.
692 3783 767 3842 1554.

204 3881 241 3947 (4)
260 3882 308 3928 lloc
325 3895 416 3928 carmen
433 3897 485 3928 cum
502 3878 550 3928 0de
568 3880 593 3927 in
610 3879 735 3926 Parentum
751 3874 921 3940 indulgentiam
939 3884 962 3920 et
980 3874 1004 3922 iu
1022 3871 1080 3922 Abs.
1100 3873 1145 3922 (lr-
1191 3949 1194 3954 Ι

167 3975 220 4025 telii
238 3975 354 4025 theatrum
372 3973 433 4024 orbis
450 3976 597 4040 reperiuntur
615 3974 639 4022 in
659 3981 713 4020 torn.
735 3973 758 4020 θ.
779 3969 851 4025 Delie.
869 3971 934 4018 Poct.
955 3966 1019 4030 belg.
