2946 5002
747 353 854 416 ·58

339 537 412 630 pius
434 535 625 627 divulgavit.
661 532 776 600 Junius
798 553 873 600 oum
899 530 1170 600 animadverteret
1197 531 1232 598 in
1255 533 1324 602 hoc

338 647 458 718 summi
502 649 562 716 viri
594 646 759 738 praeclaro
790 667 888 735 opere
921 645 1080 734 quaedam
1119 644 1319 730 desiderari,
1363 725 1368 736 ⁸

337 762 488 852 supplere
510 781 593 850 quae
616 761 658 828 ab
680 762 810 827 Erasmo
832 771 938 828 essent
961 755 1092 839 omissa,
1114 780 1231 848 operae
1249 782 1323 850 pre-

338 873 423 942 tium
446 873 550 942 duxit.
572 876 612 941 ln
632 894 699 961 quo
726 869 860 961 negotio
885 869 1094 961 peragendo,
1122 884 1160 937 ut
1183 870 1323 940 difficile

339 998 409 1053 erat
437 984 558 1052 llrasmi
587 982 734 1051 insistere
758 981 915 1073 vestigiis,
934 981 980 1050 ita
1001 982 1162 1072 majorem
1184 983 1321 1052 laudem

312 1097 459 1165 meruit
489 1095 625 1180 lunius,
661 1095 753 1185 cujus
788 1093 914 1183 Adagia
949 1092 1134 1162 eruditione
1171 1095 1320 1186 proxime

338 1211 380 1276 ad
413 1209 600 1278 Erasmiana
630 1207 789 1277 accedunt
821 1207 879 1298 (1).
902 1205 1014 1274 Edidit
1034 1205 1136 1296 igitur
1157 1208 1320 1276 centurias

337 1335 409 1392 octo
432 1335 465 1392 et
487 1321 660 1390 dimidiam
682 1319 884 1410 Adagiorum
906 1343 971 1387 una
993 1342 1069 1387 cum
1091 1321 1219 1388 Erasmi
1241 1321 1320 1392 chi-

212 1413 215 1422 ‘
336 1433 479 1504 tunsus
511 1436 608 1504 naso.
643 1459 673 1501 a.
705 1439 801 1504 rese.
831 1433 867 1500 in
896 1437 941 1500 eo.
972 1432 1137 1503 oeneus
1168 1435 1318 1505 nansi-

336 1549 426 1617 liano
448 1572 466 1614 a
488 1529 701 1639 Burgundio,
726 1545 868 1636 Principi
893 1545 1039 1616 Veriensi
1064 1546 1123 1636 (2).

383 1665 422 1728 ln
441 1663 504 1732 hac
523 1661 668 1730 editione
690 1659 828 1744 curavit,
855 1671 893 1726 ut
913 1659 976 1728 loci
1001 1659 1037 1726 in
1053 1658 1219 1749 prioribus
1236 1660 1318 1728 dda-

340 1774 468 1864 giorum
495 1773 755 1842 Erosmianorum
780 1773 981 1842 editionibus
1007 1776 1152 1866 corrupti
1170 1776 1317 1867 corrige-

338 1898 463 1954 rentur.
488 1884 621 1973 Scripsit
633 1884 669 1950 in
695 1883 836 1975 Epistold
857 1887 947 1954 ined.
963 1887 1021 1977 (tiz
1044 1887 1222 1956 »derebus
1237 1887 1316 1956 meis

339 1996 385 2063 sic
412 1995 551 2080 habete,
581 2019 634 2063 me
663 1995 818 2065 absolutis
844 2010 983 2087 quatuor
1007 1998 1163 2065 centuriis
1187 1998 1315 2090 Adagia

340 2128 452 2188 orum,
475 2106 627 2196 quintam
647 2107 837 2200 propediem
864 2108 1079 2200 expleturum,
1105 2109 1244 2177 addetur
1252 2109 1337 2177 for·'

339 2232 422 2286 tasse
443 2232 476 2285 et
498 2231 585 2286 sexta
603 2221 813 2311 superpondii
838 2222 928 2290 loco:
953 2245 1037 2312 quae
1049 2223 1160 2291 omniu
1175 2222 1229 2289 his
1242 2244 1317 2313 pro-

341 2330 436 2398 ximis
459 2332 633 2417 nundinis,
656 2333 784 2402 volente
807 2337 889 2421 Deo,
912 2335 980 2425 ipse
993 2353 1143 2426 praesens
1156 2333 1313 2425 praesenti

340 2443 376 2510 in
404 2468 519 2513 manus
551 2446 676 2514 tradam
707 2470 781 2513 cum
808 2445 953 2516 locorum
988 2447 1116 2536 aliquot
1148 2447 1185 2514 in
1214 2447 1316 2517 Chili-

310 2557 415 2630 ,adas
439 2558 707 2639 correctionibus,
731 2582 811 2648 quos
842 2571 899 2626 aut
935 2559 1143 2629 librariorum
1192 2560 1316 2630 incuria
1400 2563 1404 2569 ’
1460 2569 1461 2640 l

336 2670 485 2758 ‘corrupit
515 2682 572 2734 aut
606 2670 774 2738 oscitantia
816 2669 963 2762 supinior
995 2673 1161 2765 scriptoris
1200 2696 1316 2765 parum
1460 2655 1461 2674 Χ

340 2779 587 2864 animadvertit,
610 2794 711 2863 certe,
739 2796 777 2848 ut
798 2806 887 2851 nunc
905 2798 982 2851 sunt
1002 2799 1168 2876 tempora,
1187 2786 1243 2854 vix
1270 2810 1318 2855 re·

340 2889 464 2978 perias,
481 2890 534 2956 eui
554 2885 624 2960 tuto
641 2894 873 2982 perferendum
893 2896 1019 2987 aliquid
1039 2899 1164 2986 credas,
1179 2899 1316 2991 proinde

339 3001 425 3068 hanc
452 3024 562 3068 curam
595 3004 696 3071 malui
724 3004 760 3072 in
791 3029 844 3074 me
872 3009 1017 3098 recipere
1053 3033 1154 3100 quam
1191 3012 1316 3080 alienae

339 3113 419 3181 fidei
435 3114 618 3205 periculum
640 3115 757 3184 facere.
780 3154 825 3168 -
847 3120 1033 3190 Harlemo.''

383 3227 538 3296 Nonnulli
566 3227 648 3298 falso
668 3229 732 3334 hoo
757 3250 836 3320 opus
871 3234 1038 3302 Francisco
1068 3237 1166 3304 lunio
1189 3237 1314 3306 adseri-

338 3336 424 3406 hunt
445 3338 502 3426 (4).
1353 3342 1358 3351 “

373 3555 465 3626 (1)(1ῐ.
491 3560 583 3610 vossius
607 3564 635 3612 dc
658 3568 710 3615 liat.
738 3569 790 3618 Art.
816 3573 841 3620 Ι..
867 3575 898 3622 11.
923 3592 943 3622 r.
964 3579 988 3626 d.
1007 3576 1022 3640 §
1039 3581 1063 3626 δ.
1084 3589 1107 3626 et
1125 3577 1216 3628 Philol.
1234 3597 1254 3629 c.
1274 3580 1313 3628 vl.
1353 3619 1355 3626 ,

339 3649 395 3712 bd.
414 3667 438 3715 p.
457 3653 516 3700 oto.
742 3659 748 3669 “

375 3741 412 3809 (2)
429 3745 511 3810 Repet.
531 3744 567 3794 ed.
585 3748 658 3796 Paris.
675 3766 696 3798 a.
714 3753 788 3802 1570.
808 3757 832 3804 in
850 3757 892 3806 fol.

373 3831 411 3900 (8)
429 3837 472 3902 rp.
490 3837 536 3886 18.
556 3838 606 3885 llic.
624 3839 752 3905 Episcopio.

374 3923 411 3990 (4)
428 3928 465 3977 Gi.
482 3929 589 3978 lliceron.
608 3939 626 3977 t.
644 3930 669 3979 7.
689 3948 713 3994 p.
731 3934 793 3985 403.
