2946 5002
437 1241 690 1315 CAPUT
749 1241 813 1314 lv.

243 1539 246 1548 ‚
356 1511 471 1576 creua
496 1483 641 1572 ruamra'
666 1509 778 1558 usura.
803 1508 903 1560 rursu.

532 1776 700 1802 rw*-

555 2020 692 2090 Saddar.

183 2213 304 2292 Suidas
323 2245 404 2313 opus
427 2221 544 2313 ingens
571 2231 604 2288 et
627 2219 762 2287 maximi
789 2221 831 2287 ad
858 2219 1029 2288 historiam
1056 2246 1115 2292 co-

142 2337 362 2432 gnoscendam
383 2359 458 2402 usus
474 2357 492 2400 a
509 2332 639 2400 mendis
660 2331 800 2400 infinitis
819 2353 960 2422 purgare
979 2331 1120 2425 suscepit

141 2453 301 2520 immenso
325 2470 398 2516 cum
422 2446 532 2514 labore
553 2445 607 2536 (1).
655 2444 763 2513 sexies
788 2443 916 2511 circiter
932 2444 1024 2514 mille
1040 2444 1120 2513 locis

141 2564 237 2631 illum
266 2561 456 2652 scriptorem
490 2581 664 2651 germanae
697 2555 830 2626 lectioni
855 2557 998 2624 restituit
1025 2558 1121 2626 etin

142 2675 293 2766 margine
315 2673 487 2763 adscripsit
509 2672 633 2739 librum
657 2670 835 2755 stlocum,
860 2671 949 2738 unde
973 2669 1122 2760 quidque

69 2855 71 2858 .
143 2786 361 2878 depromserit
381 2785 508 2853 Suidas.
532 2789 701 2853 Praeterea
718 2806 795 2852 eum
809 2796 934 2852 vertere
954 2808 1123 2877 aggressus

144 2913 204 2969 est.
249 2903 345 2966 Hunc
374 2897 541 2983 laborem,
576 2920 675 2987 quem
705 2911 739 2966 et
764 2896 826 2964 sibi
847 2898 1067 2968 honorificum
1092 2912 1125 2967 et

144 3011 314 3081 vetustatis
335 3012 487 3080 studiosis
511 3011 628 3080 utilem
648 3011 718 3080 fore
742 3011 914 3102 sperabat,
936 3011 1008 3081 filio
1029 3012 1125 3080 Prin-

147 3125 228 3217 cipis
253 3124 440 3192 destinabat
457 3123 515 3215 (2).
562 3127 749 3213 Numquam
769 3135 900 3209 autem,
923 3123 1018 3214 quod,
1036 3123 1127 3191 dole-

146 3259 241 3322 mus,
263 3235 321 3304 hic
343 3237 459 3305 Suidas
481 3237 588 3306 editus
611 3251 660 3306 est
680 3237 737 3330 (3).

183 3422 221 3493 (1)
239 3423 275 3479 Cs.
294 3426 337 3490 Ep.
355 3425 386 3475 Δ.
404 3424 558 3476 Birckmauuo
575 3443 600 3492 p.
619 3428 661 3476 tc.

300 3544 331 3554 -
357 3517 495 3566 1’.Bloccic
575 3521 667 3568 -116,
698 3537 700 3544 ’

182 3605 221 3675 (2)
238 3607 276 3656 Cf.
295 3607 339 3671 Ep.
355 3607 387 3657 11.
404 3608 489 3674 Angla.
507 3627 531 3675 p.
550 3611 609 3660 17³.

185 3697 225 3766 (³)
242 3701 292 3748 Hoc
309 3715 380 3764 opus,
401 3701 510 3752 Harlemo
529 3701 637 3769 direpto,
663 3704 759 3769 periisse
778 3704 870 3769 fertum
894 3702 957 3770 quod
982 3711 1061 3752 autem
1085 3720 1131 3752 non

150 3793 197 3842 uisi
215 3792 302 3858 partim
320 3808 401 3841 verum
421 3804 465 3844 est.
502 3797 688 3845 Gommunicavit
705 3813 758 3846 cum
777 3795 833 3846 orbe
850 3795 943 3846 erudito
962 3796 1004 3844 Vir
1021 3794 1133 3842 Rectissi-

152 3899 204 3934 mus
223 3882 252 3932 de
267 3885 341 3933 Bruiu
355 3885 381 3934 iu
399 3886 448 3934 viat
464 3887 494 3936 Η.
515 3888 582 3938 Junii
594 3903 619 3953 p.
636 3888 700 3955 42⁰,
720 3865 782 3938 illrid
806 3905 863 3955 opus
882 3887 958 3936 adhuc
973 3896 1079 3953 exstare,
1090 3885 1133 3936 ubi

153 3975 202 4038 ita,
224 3994 238 4020 u
249 3976 388 4042 tempestiuo
404 3977 491 4026 indicio
505 3979 563 4028 mihi
574 3981 693 4047 innotuit,
709 3979 813 4030 studium
823 3980 891 4030 senii
907 3979 934 4027 in
949 3977 1043 4028 Suidsm
1060 3976 1135 4027 adhue

155 4081 272 4132 superesse
292 4082 366 4133 eoque
384 4070 421 4117 uti
435 4068 546 4124 celeberr.
566 4070 660 4122 alberti
676 4071 790 4123 beneficio
807 4070 906 4122 Gerardi
924 4070 1035 4142 deitati,
1052 4067 1134 4119 Eccle-
