3006 4998
798 324 836 384 10

331 507 505 578 audivisset
522 506 771 590 conciones‚'eas
790 505 830 570 de
852 504 952 586 verbo
966 497 1303 586 adrerhumrecitare

330 633 435 710 posset
462 619 518 710 (1).
628 640 631 648 ·

368 733 422 800 ub
431 731 484 800 his
497 729 686 821 parentibus
695 752 768 798 rere
787 710 929 818 egregiis
941 729 1108 810 educatus¹
1119 743 1166 798 est
1175 731 1303 814 lunius,

329 845 387 936 qui
412 867 514 934 quum
534 865 687 932 magnam
709 842 910 910 docilitatem
930 842 1123 933 ingeniique
1140 859 1303 933 praestan·

328 959 408 1032 tiam
433 937 472 1044 in
497 978 598 1046 puero
630 955 924 1024 animadverterent
957 955 999 1034 de
1033 979 1071 1025 eo
1095 957 1199 1024 multa
1228 981 1304 1049 spe-

327 1084 432 1138 rantes
454 1069 620 1136 literarum
642 1068 762 1135 studiis
780 1067 889 1134 filium
906 1069 1172 1155 destinaverunt3
1196 1093 1303 1160 neque

328 1205 417 1273 spem
453 1189 585 1250 eventus
625 1179 758 1265 fefellit,
796 1182 910 1248 lunius
952 1181 1041 1248 enim
1088 1183 1299 1271 Harlemum,

328 1295 385 1362 uhi
405 1318 443 1363 eo
463 1309 608 1386 tempore
631 1292 766 1362 celebris
786 1306 853 1360 erat
879 1294 999 1374 schola,
1025 1297 1140 1362 missus
1163 1309 1229 1364 tam
1246 1283 1304 1365 in-

327 1409 425 1500 genio
452 1420 485 1474 et
520 1407 679 1474 industria
712 1406 883 1490 excelluit,
911 1420 948 1472 ut
969 1407 1101 1484 *scholae
1120 1409 1233 1478 lumen
1268 1425 1302 1478 et

325 1521 470 1600 Phoenix
491 1511 580 1610 apud
602 1531 824 1608 praeceptores
841 1519 933 1587 hreri
958 1520 1087 1586 audiret
1111 1521 1122 1610 (
1143 1521 1166 1608 l.

342 1667 345 1670 ·
371 1639 521 1702 Praeerat
542 1632 622 1698 huie
643 1630 770 1720 scholae
794 1632 932 1698 lacobus
958 1633 1156 1722 Meysterus,
1183 1633 1231 1699 vir
1249 1634 1302 1699 in-

326 1747 440 1838 primis
451 1747 563 1812 doctus
581 1743 639 1832 (3),
657 1743 749 1832 eujus
761 1741 958 1812 institutioni
971 1744 1113 1810 multum
1133 1769 1166 1812 se
1182 1745 1302 1814 dehere

327 1872 419 1950 grato
449 1857 560 1925 animo
593 1855 766 1946 profitetur
795 1855 910 1922 lunius
943 1857 978 1923 in
1013 1858 1174 1949 Epistola,
1201 1883 1300 1948 quam

326 1952 450 2062 optimo
461 1969 541 2036 huic
550 1968 752 2059 praeceptori
771 1967 807 2037 in
821 1969 1086 2059 peregrinatione
1100 1971 1230 2062 scripsit
1244 1972 1301 2064 (4).

326 2087 373 2150 Ex
395 2083 574 2170 eodemque
595 2095 705 2171 patet,
730 2105 806 2149 eum
829 2083 864 2150 in
875 2083 1017 2172 pueritia
1032 2065 1181 2154 hahuisse
1201 2108 1299 2175 prae-.-

327 2208 471 2287 ceptores
500 2197 538 2262 D.
574 2201 731 2264 loannem
763 2191 893 2261 Gallum
936 2197 1113 2266 Medicum
1136 2211 1169 2264 et
1203 2201 1299 2264 Joan.

327 2309 636 2400 Gymnasiarcham,
667 2321 739 2375 tum
772 2311 811 2373 D.
842 2308 1009 2376 Nicolaum
1021 2337 1030 2396 3
1063 2332 1128 2398 quo
1166 2309 1301 2400 nomine

326 2411 491 2513 designari
515 2422 685 2490 Nicolaum
705 2421 847 2509 Gallum,
870 2421 954 2488 mihi
970 2411 1095 2513 procul
1111 2419 1212 2490 dubio
1231 2445 1301 2492 esse

220 2581 225 2594 ·
326 2535 477 2618 videtur,
514 2557 613 2621 quem
642 2533 677 2599 in
708 2533 839 2600 Bataria
864 2557 898 2622 p.
930 2541 993 2602 257
1017 2548 1109 2602 vocat
1130 2535 1305 2614 hominem.

325 2648 431 2715 ferrea
455 2645 612 2712 memoria
637 2656 670 2711 et
694 2644 793 2734 longo
808 2644 932 2712 canitie
948 2631 1190 2733 ¹venerabilem,
1209 2670 1299 2739 puc-

325 2759 420 2827 ritiae
462 2781 536 2824 suae
580 2757 797 2825 formatorem.
865 2758 959 2842 Quod
997 2770 1105 2825 autem
1145 2759 1300 2848 opinatur

326 2870 540 2956 Sehrevelius‚
562 2893 639 2937 eum
661 2869 697 2935 in
715 2868 921 2960 disciplinam
935 2869 1098 2938 Doccomii
1112 2871 1213 2937 *Frisii
1235 2885 1299 2940 tra·

327 2983 434 3052 ditum
455 2983 553 3050 fuisse
577 2983 640 3072 (5),
663 3004 730 3050 non
752 2981 942 3058 confirmare
965 2965 1298 3072 possumpsiquidem

360 3183 437 3246 Tegea
460 3181 502 3230 het
525 3179 593 3230 einde
610 3178 651 3227 ‹lcr
669 3174 748 3243 rorigc
765 3195 831 3226 eeuw
849 3177 929 3242 heeft,
946 3196 987 3227 noo
1003 3179 1037 3228 als
1052 3180 1079 3228 ik
1097 3198 1221 3230 vernomen
1235 3181 1280 3230 heb
1288 3218 1298 3243 ,

275 3249 282 3262 .
324 3291 381 3323 eene
406 3272 560 3338 verhouwing
587 3289 630 3321 aan
653 3271 689 3319 dit
714 3269 767 3318 huis
798 3269 950 3334 gelegcnheirl
977 3286 1095 3336 gegeren,
1114 3273 1154 3320 dat
1170 3272 1211 3322 het
1230 3273 1300 3322 hceld

324 3368 362 3416 uit
384 3364 429 3414 den
452 3365 518 3429 gevel
544 3380 710 3429 weggenomen
734 3380 763 3412 en
786 3361 870 3410 daarna
886 3362 1012 3427 rerplaatst
1029 3365 1049 3412 is
1066 3381 1119 3412 naar
1136 3364 1165 3412 de
1182 3365 1302 3414 stads-Bi-

324 3454 445 3505 hliotheek
462 3456 487 3503 in
504 3453 550 3504 den
567 3455 768 3518 auid-oostelijlren
784 3452 925 3502 achterhoek
940 3471 985 3504 ran
1003 3455 1031 3504 de
1049 3457 1135 3506 Groote
1153 3457 1227 3506 Kerk.
1242 3511 1255 3517 ..

360 3546 397 3616 (1)
416 3546 483 3610 Quod
499 3565 529 3596 ex
545 3547 594 3595 vita
610 3547 655 3596 tls.
673 3548 699 3594 ln
716 3545 775 3595 coll.
793 3546 871 3596 Burm.
890 3549 994 3610 cognovi.
1072 3599 1075 3606 ‚

360 3637 398 3707 (2)
416 3639 452 3688 ef.
469 3638 550 3688 Velius
568 3637 652 3686 Chron.
671 3639 744 3686 Horn.
763 3639 788 3692 t.
807 3639 843 3704 V,
861 3655 886 3704 p.
905 3641 954 3687 6³7
973 3651 998 3688 et
1013 3642 1101 3702 Auctor
1119 3643 1181 3690 vitae
1198 3643 1241 3707 Ep.
1259 3659 1297 3708 pr.

361 3729 399 3799 (s)
418 3731 454 3780 or.
472 3727 617 3780 roraveras
633 3709 734 3778 narres.
754 3731 779 3777 ι.
798 3731 844 3797 vr,
862 3747 886 3795 p,
904 3731 965 3780 ssa.
984 3769 989 3779 .

348 3822 617 3890 .fflOEQpst

363 3912 400 3983 (ὅ)
418 3915 455 3964 Cf.
473 3913 566 3963 Sehrev.
586 3915 650 3964 llarl.
671 3917 695 3964 L.
715 3916 761 3980 vt,
777 3932 802 3980 p.
819 3917 878 3964 352.
