2946 5002
800 364 841 425 64

341 544 469 613 scholae
491 542 707 612 Harlemensis
727 539 906 631 discipulis,
924 537 1012 606 horis
1034 537 1217 622 subsecivis,
1238 559 1323 626 quas

344 671 381 724 ut
408 656 577 747 colligeret
610 666 642 722 et
667 653 886 744 publicareta
912 649 1023 718 multis
1048 649 1235 719 admonitus
1254 664 1320 735 est,

343 791 482 857 quorum
504 767 656 858 precibus
677 765 804 833 facilius
827 764 941 850 cessit,
962 763 1051 852 qnod
1077 762 1203 830 viderat
1231 763 1323 830 idem

343 903 410 950 non
431 879 606 948 infeliciter
631 890 794 947 tentatum
809 899 876 944 esse
891 899 909 942 a
923 880 959 944 P.
975 874 1103 942 Nannio
1120 875 1155 942 iu
1165 886 1325 964 quartum

341 991 463 1059 librum
485 991 645 1060 Aeneidos
666 1004 699 1058 et
721 985 941 1057 allobortello
961 986 997 1053 in
1016 985 1182 1076 primum,
1203 965 1325 1051 aBarss
1349 1042 1359 1070 Γ

340 1099 940 1190 landomniosaliquottitros.(1)
1301 1078 1305 1086 “

386 1217 499 1286 Editus
521 1233 570 1287 est
591 1218 648 1285 hic
671 1214 929 1285 Commentarius
949 1213 1065 1282 eodem
1087 1213 1156 1280 fere
1172 1223 1323 1299 tempore

341 1353 406 1418 quo
431 1331 625 1398 Horatianus
648 1342 682 1396 et
703 1327 871 1395 dedicatus
894 1329 922 1392 J.
947 1327 1127 1392 cennas.-
1141 1322 1186 1413 (2)

710 1579 952 1644 Nomenclator.

388 1781 553 1876 Braeolare
584 1777 839 1846 adolescentium
868 1777 983 1902 studiis
1003 1778 1067 1847 hoc
1095 1798 1193 1866 opere
1212 1775 1326 1842 insuo

344 1914 466 1985 genere
480 1889 756 1982 praestantissimo
780 1889 953 1971 considuit,
971 1889 1083 1958 sedula
1100 1890 1200 1979 opera
1215 1910 1328 1955 rerum

344 2001 479 2070 nomina
513 2001 549 2067 in
581 1999 693 2068 classes
715 2000 898 2091 digerendo
921 2013 954 2070 et
973 2014 1045 2072 octo
1068 2000 1192 2092 linguis
1213 2000 1327 2090 expli-

339 2113 472 2200 ¹oamdo,
497 2113 542 2205 (t)
562 2126 600 2180 ut
615 2137 705 2181 veras
727 2136 838 2182 rerum
857 2137 949 2182 voces
970 2115 1063 2204 pueri
1083 2126 1247 2182 tenerent.
1272 2112 1326 2179 Nil

346 2227 449 2318 igitur
477 2226 599 2295 mirum
621 2228 657 2296 in
679 2227 797 2296 scholis
830 2228 948 2296 nostris
975 2214 1009 2296 et
1033 2226 1237 2295 Germanicis
1261 2228 1327 2294 No-

344 2339 578 2408 menclatorem
599 2339 778 2410 lunianum
799 2339 875 2406 satis
895 2338 954 2406 diu
967 2339 1010 2406 in
1023 2363 1085 2406 mu
1105 2338 1206 2406 fuisse
1227 2338 1274 2429 (t)
1293 2350 1327 2405 et

344 2475 420 2520 vero
450 2465 524 2542 post
545 2459 624 2521 269,
638 2474 739 2520 annos
759 2451 932 2540 'hodieque
961 2477 979 2518 a
1003 2452 1205 2540 quibusdam
1226 2438 1323 2518 usur-

391 2565 432 2630 ri.
466 2575 484 2632 ὅ

349 2563 498 2740 pal'ririrai
530 2674 631 2743 editio
655 2677 762 2745 lucem
782 2676 929 2768 adspexit
955 2680 1051 2744 Antv.
1077 2701 1107 2744 a.
1128 2683 1214 2747 1567
1238 2678 1325 2767 apud

343 2787 456 2852 'Plant
487 2786 523 2851 in
549 2794 594 2854 8⁰.
627 2788 798 2879 inscriptus
824 2791 988 2858 Gulielmo
1013 2815 1031 2856 a
1056 2787 1177 2858 Nassau
1208 2790 1323 2861 Comiti
1433 2857 1437 2864 ,
1464 2777 1465 2790 ’

350 2887 492 2981 Buran03
541 2897 641 2965 altcrd
681 2900 751 2968 vice
787 2901 893 2970 editus
927 2901 1154 2972 Nomenclator
1199 2902 1322 2972 ibidem

351 3014 495 3098 a.1577.
522 3013 609 3099 apud
634 3012 787 3080 eundem.
818 3018 886 3091 Hae
905 3013 1029 3103 priores
1047 3013 1210 3083 editiones
1222 3015 1323 3083 multo

386 3192 423 3261 (ι)
440 3196 478 3244 cr.
495 3196 539 3260 ap.
557 3196 582 3244 J.
601 3197 708 3246 cessae
720 3212 744 3262 p.
767 3201 791 3246 s.
867 3171 870 3178 ’
896 3243 898 3247 .

385 3281 423 3350 (2)
441 3286 479 3338 Cf.
497 3287 540 3351 Ep.
552 3287 582 3338 J.
598 3289 707 3336 Berscaae
723 3305 747 3354 p.
768 3291 810 3337 to.

385 3371 424 3440 (8)
441 3376 492 3424 ht.
512 3377 593 3426 Graec.
612 3377 674 3429 Gall.
690 3380 768 3430 Germ.
784 3379 851 3444 Belg.
869 3380 923 3430 Ital.
942 3383 1007 3446 Hisp.
1023 3380 1093 3444 tagl.
1187 3379 1190 3386 '

384 3459 422 3526 (⁴1)
433 3464 469 3511 ct.
489 3467 532 3529 Ep.
551 3467 580 3514 ll.
597 3469 685 3518 vorati}
701 3471 731 3520 ll.
747 3471 819 3520 Junic
834 3487 860 3537 p.
875 3473 935 3521 688.

330 3613 333 3628 ¹
386 3546 424 3616 (ὅ)
438 3551 544 3602 lliccron.
569 3558 585 3605 7
614 3573 638 3622 p.
659 3561 718 3610 406.
737 3560 766 3611 de
785 3561 833 3614 ‚hoc
850 3578 919 3628 opere
944 3556 1031 3612 nc'e'st
1055 3577 1157 3629 ouvrage
1177 3573 1213 3612 est
1237 3582 1267 3614 eu
1285 3581 1324 3614 coa

351 3655 421 3704 genre
439 3659 472 3690 un
493 3641 553 3692 livre
569 3645 700 3714 excellent,
719 3648 742 3699 le
759 3650 828 3700 choix
848 3652 888 3702 des
904 3662 989 3703 termes
1003 3670 1033 3702 en
1048 3653 1103 3702 huit
1114 3654 1214 3720 langues
1232 3654 1276 3724 n'y
1292 3663 1325 3704 eat

351 3747 391 3796 pcc
407 3733 481 3782 moira
497 3751 543 3784 une
559 3751 646 3800 preuve
667 3738 696 3787 de
714 3738 849 3792 l'truditicn
870 3743 899 3793 de
916 3742 1041 3810 l'duteur,
1064 3761 1111 3810 que
1132 3744 1161 3794 de
1178 3763 1203 3794 sa
1220 3749 1324 3813 patience

351 3823 503 3890 inlatigsble;
525 3843 550 3874 ce
570 3823 631 3876 n’est
650 3845 691 3894 pas
707 3828 778 3896 qu‘on
796 3832 838 3901 n’y
858 3845 940 3886 trouve
960 3833 1000 3883 des
1015 3836 1093 3885 lantes
1111 3839 1253 3904 grossiores,
1271 3839 1324 3887 mm

352 3909 407 3962 c'cat
424 3931 469 3964 une
487 3915 553 3966 chose
573 3918 700 3969 intvitable
716 3920 771 3972 dans
787 3942 819 3974 nn
836 3941 935 3990 ouvrage
952 3926 973 3974 si
988 3925 1076 3976 dtendu
1095 3937 1120 3978 ct
1138 3930 1159 3978 si
1176 3929 1265 3986 vnis!
1371 3973 1374 3984 .
1464 3905 1465 3914 i
