2930 4996
294 1253 297 1260 ·
393 1175 873 1284 INTROITUS.

193 1875 283 1984 Nou
300 1914 410 1982 miuus
423 1915 608 2003 jucundum
633 1937 733 2004 quam
754 1915 835 1984 'utile
856 1914 939 1984 illud
959 1918 1119 1987 scribendi

147 2053 253 2122 genus
282 2053 370 2113 esse,
399 2049 465 2116 quo
493 2027 632 2094 viromm
659 2028 702 2096 de
730 2052 767 2095 re
793 2051 868 2096 cum
896 2028 1027 2119 publice
1050 2043 1122 2098 tum

149 2141 307 2210 litterarii
330 2138 627 2208 benemeritorum
652 2163 703 2208 res
727 2140 901 2230 separatim
931 2141 1122 2210 deseribun-

149 2267 204 2322 tur
226 2267 260 2322 et
281 2264 499 2344 exponuntur,
515 2252 682 2320 neminem
697 2251 832 2319 iulitiari
847 2274 938 2341 posse
960 2253 1121 2336 existimo.

194 2367 280 2434 Hinc
301 2388 397 2458 opera
420 2364 605 2450 Plutarchi,
627 2364 776 2456 Nepotis,
801 2364 958 2449 Suetonii,
977 2365 1121 2433 'aliorum

152 2493 295 2547 veterum
317 2489 483 2545 auotomm
507 2499 634 2544 summo
656 2489 689 2544 et
710 2475 809 2544 hodie
831 2476 985 2566 leguntur
1000 2476 1119 2560 studim

152 2604 188 2658 ut
208 2592 251 2658 de
274 2590 314 2656 iis
334 2602 460 2675 taoeam
479 2588 705 2678 scriptoribus,
728 2587 787 2684 qui
808 2600 1024 2677 postremitas
1045 2588 1121 2656 lite-

152 2727 201 2772 ras
227 2703 372 2794 singulos
397 2701 590 2771 celebrando
613 2701 750 2770 illustres
772 2701 875 2783 viros,
899 2699 961 2789 ipsi
983 2699 1121 2780 celebri-

149 2828 250 2884 tatem
274 2813 415 2883 nominis
436 2812 524 2880 noeti
547 2825 633 2880 sunt.

194 2930 307 3017 Neque
327 2926 410 2994 illud
431 2926 553 2995 mirum
573 2926 719 2994 accidere
740 2926 823 2994 mihi
847 2925 985 3011 videtur,
1008 2925 1119 3015 siqui·
1225 2909 1229 2924 ⁸

150 3040 228 3108 dem
259 3037 314 3104 illa
340 3037 511 3105 historiam
539 3039 699 3106 tractandi
728 3039 810 3108 ratio
837 3038 937 3107 habet
964 3061 1031 3128 quo
1051 3061 1119 3106 sese

147 3152 356 3222 commendet
373 3150 590 3240 potissimum.
615 3151 745 3219 Etenim
764 3153 800 3220 in
816 3151 970 3222 historiae
985 3151 1122 3241 alicujus

148 3267 256 3358 gentis
273 3265 570 3354 oontemplatione‚
594 3267 809 3368 exspatiamur
831 3267 942 3334 animo
964 3266 1001 3332 in
1022 3289 1118 3334 eam-

149 3401 228 3470 pum
236 3363 511 3468 jueundissimum
525 3377 659 3466 quidem
673 3379 731 3448 sed
743 3367 885 3448 eumdem
892 3359 1119 3461 vastissimum,
1179 3359 1185 3378 ¹

150 3491 185 3558 in
206 3490 305 3558 unius
334 3502 443 3556 autem
466 3487 526 3554 viri
556 3489 787 3562 consideranda
813 3490 879 3558 vita
895 3492 1007 3561 oculus
1027 3515 1120 3560 meu·

149 3602 191 3670 tis
212 3600 317 3692 magis
338 3600 374 3668 in
400 3623 501 3668 uuam
524 3601 725 3689 eandemque
754 3625 825 3670 rem
847 3603 1047 3684 convertitur
1083 3626 1121 3670 ao

152 3714 317 3806 dirigitur.
372 3716 540 3781 Caeterum
568 3713 620 3779 vix
643 3714 860 3801 monendum,
885 3729 922 3783 ut
944 3717 1035 3806 cujus
1058 3716 1120 3784 viri

150 3825 214 3893 rita
243 3825 295 3892 vel
324 3848 374 3893 res
397 3839 507 3917 gestae
529 3825 776 3914 describantur,
800 3829 900 3919 hujus
922 3829 1036 3896 merita
1060 3829 1120 3895 di-

151 3961 214 4028 gna
244 3938 329 4023 sint,
359 3961 444 4027 quoe
467 3939 640 4009 memoriae
663 3941 861 4030 prodantur,
891 3965 1019 4010 neeesse
1040 3965 1118 4008 esse.

929 4063 941 4118 l
