2946 5002
654 391 694 455 57

229 569 554 638 Primum‘exhibuit
579 572 641 640 boc
666 553 833 663 0555551
860 595 961 641 manu
984 574 1159 664 scriptum,

177 683 307 751 xenioli
328 682 420 769 loco,
444 683 593 752 Eduardo
615 687 673 755 vt.
695 683 834 776 Angliae
856 687 962 777 negt,
986 709 1090 774 anno,
1124 699 1161 754 ut

181 795 347 886 suspicor,
373 804 469 866 1550.
494 798 620 866 Deinde
646 799 749 866 multo
773 797 898 867 auctius
918 799 954 866 in
974 799 1080 867 lucem
1103 785 1176 866 mi?
1256 783 1257 788 ¹

182 907 230 974 sit
255 909 351 976 Basil.
386 933 416 978 a.
431 999 434 1004 Ι
450 915 534 979 1556
562 911 650 1001 apud
676 910 853 980 Henricum
877 911 966 978 Petri
998 911 1034 978 in
1063 917 1097 980 θ’
1127 925 1162 978 et

182 1019 350 1088 dedicarit
373 1020 515 1090 Eduardi
535 1023 636 1091 sorori
657 1023 797 1104 Mariae,
813 1043 897 1112 quae
921 1023 1077 1114 inregno
1097 1024 1162 1090 fre·

174 1132 228 1198 'tri
253 1147 444 1201 successerat
466 1135 522 1226 (1).

229 1239 391 1314 Praefatio
417 1247 587 1315 continens
608 1247 790 1338 catalogum
812 1249 1006 1316 Graecorum
1029 1250 1161 1317 51115-

182 1379 357 1426 manorum
386 1359 528 1427 eundem
557 1358 702 1428 laborem
726 1359 783 1449 qui
807 1373 1033 1451 susceperant,
1059 1359 1161 1449 digna

181 1483 251 1564 est,
283 1493 367 1561 quae
400 1473 538 1564 legatur.
583 1472 682 1541 Paulo
714 1484 790 1540 ante
825 1487 965 1542 mortem
995 1472 1037 1540 de
1076 1477 1160 1539 nova

181 1585 329 1654 editione
355 1584 434 1652 libri
455 1585 497 1653 de
518 1606 604 1653 anno
626 1598 659 1653 et
681 1585 846 1655 mensibus
868 1585 1040 1676 insigniter
1067 1587 1160 1653 aucta

183 1697 338 1788 cogitavit
368 1697 503 1784 Junius,
534 1719 620 1786 quae
647 1710 775 1784 umen,
803 1711 964 1788 quantum
987 1695 1069 1784 scio,
1093 1719 1160 1764 non

181 1809 306 1899 prodiit
329 1810 341 1899 (
361 1807 385 1898 )

217 2059 351 2128 Scholia
372 2067 406 2127 in
430 2064 470 2130 L.
493 2064 628 2131 Ancaei
648 2062 789 2130 Senecae
811 2065 942 2131 Ledam
966 2065 1006 2130 de
1028 2073 1131 2129 morte

507 2176 645 2245 Claudii
671 2177 841 2246 cassans.

226 2381 313 2446 Haec
334 2378 457 2447 scholia
480 2399 555 2445 cum
576 2373 710 2466 publico
730 2373 982 2443 communicavit
1006 2376 1102 2440 Anti.
1127 2398 1157 2440 a.

183 2495 281 2558 1557.
306 2490 394 2581 apud
419 2489 606 2558 Plantinum
630 2488 689 2579 (3).
712 2487 839 2555 Primus
861 2482 1048 2574 etquidem
1072 2497 1158 2552 recte

180 2598 412 2669 animadvertit
445 2599 561 2667 Junius
590 2599 717 2666 Ludum
741 2605 989 2667 baniaritiam
1025 2593 1157 2662 inscribi

164 2711 302 2804 ¹<uoce
325 2712 383 2803 (4)-

202 2971 412 3062 Adagiorum
436 2971 476 3037 ab
500 2969 646 3037 Erasmo
670 2975 864 3035 ornissoram
883 2971 1049 3034 centuriae
1068 2976 1135 3031 octo

543 3107 613 3149 cum
631 3083 783 3149 dimidia.

224 3284 359 3375 Scripsit
379 3287 526 3351 Erasmus
547 3281 728 3372 proverbia,
751 3303 833 3370 quae
853 3291 929 3346 ante
945 3276 1073 3345 obitum
1090 3297 1156 3342 sae·

214 3502 253 3572 (1)
270 3503 371 3578 Inseruit
384 3503 409 3550 in
422 3500 469 3551 vol.
482 3503 507 3550 8.
523 3502 579 3550 Ant.
593 3499 659 3548 Ther.
674 3499 792 3548 Graevius.
809 3497 846 3547 Cf.
859 3498 902 3563 tp.
917 3495 1038 3547 Vulcania.
1051 3513 1076 3562 p.
1099 3494 1155 3543 180.

214 3596 251 3664 (2)
269 3597 306 3646 Cf.
324 3596 368 3662 tp.
384 3595 443 3643 Dan.
461 3593 570 3657 Ragonio.
588 3609 613 3658 p.
632 3595 692 3642 5110.

214 3687 252 3757 (8)
270 3689 307 3738 Gi.
325 3688 368 3755 sp.
390 3688 418 3740 Ρ.
434 3685 546 3734 Vulcanio
566 3693 591 3732 et
605 3685 712 3733 Niceron.
735 3685 797 3731 1.7.
817 3684 877 3732 tot.
896 3681 937 3731 ubi
955 3683 1026 3730 etiam
1043 3680 1115 3728 altera
1134 3696 1154 3726 a.

179 3784 247 3831 tcta
265 3780 338 3830 editio
356 3788 503 3828 memoratur.
526 3775 632 3826 laicale
650 3777 722 3825 Bruin
739 3775 796 3826 baec
813 3774 899 3824 scholia
916 3774 998 3823 eodem
1015 3789 1092 3837 anno,
1110 3789 1156 3836 quo

178 3876 296 3940 Eunapins
310 3871 432 3922 Sardianus
449 3872 508 3919 exiit
525 3869 556 3937 (a.
576 3866 655 3935 1558)
673 3871 774 3949 primum
792 3867 853 3917 edita
871 3882 917 3916 esse
935 3863 1023 3913 scribit.

213 3963 251 4034 (4)
269 3966 305 4016 Cf.
324 3964 376 4014 Lib.
395 3966 426 4013 1.·
439 3962 562 4012 Animata.
583 3964 637 4027 Cap.
660 3965 699 4011 17.
