2930 4996
841 287 880 352 12

375 467 601 540 comitantibus
623 489 697 534 cum
720 463 792 535 aliia
813 481 884 536 tom
908 465 1042 536 llartino
1062 469 1195 537 Goateru
1217 473 1352 538 Amate·

374 579 571 666 rotenensi,
594 578 712 648 celebri
736 589 843 670 postea
867 578 1004 648 medico.
1029 581 1151 648 Verum
1177 603 1247 649 non
1265 581 1351 650 adeo

373 689 544 784 regionum
567 690 771 760 visendarum
793 689 973 780 cupiditate
994 711 1094 780 quam
1115 693 1226 759 animi
1251 715 1350 760 exco-

373 805 461 874 leudi
489 803 597 874 atutlio
623 805 687 874 hoc
711 803 773 872 iter
802 803 963 894 suscepit,
992 825 1095 892 quare
1138 805 1354 894 aliquamdiu

354 903 555 1001 Bononiae,
578 937 663 1006 quae
685 915 761 985 urba
782 913 897 982 atutliia
919 914 1107 1006 artibusque
1122 917 1281 996 florebat,
1305 939 1355 984 ee·

373 1027 449 1097 dem
473 1027 576 1120 figere
599 1027 777 1098 constituit.

419 1143 510 1214 llic
501 1169 535 1213 m
558 1143 734 1213 amicitiam
755 1143 847 1211 venit
869 1142 1001 1212 Comitis
1024 1143 1065 1210 de
1087 1143 1234 1234 Pepolis‚
1254 1145 1354 1211 domo

374 1257 432 1347 qui
455 1279 530 1327 eum
553 1257 678 1348 excepit
701 1265 734 1326 et
755 1253 866 1322 multia
887 1253 1080 1346 magniaque
1103 1255 1218 1326 affecit
1240 1255 1354 1323 benc-

374 1367 475 1454 ficiis,
505 1391 589 1460 quae
618 1368 709 1436 haud
736 1389 852 1458 parum
880 1365 1117 1436 adolescentem
1139 1369 1351 1451 excitarunt,

374 1493 412 1548 ut
439 1478 546 1548 atudia
577 1491 721 1569 auacepta
753 1477 837 1546 lacto
868 1477 977 1547 animo
1008 1493 1262 1568 persequeretur
1285 1476 1352 1569 (1);

375 1615 448 1662 cum
478 1592 590 1660 multia
612 1592 709 1660 etiam
731 1590 807 1658 viris
830 1589 963 1659 eruditio
985 1591 1248 1662 familiaritatem
1270 1611 1351 1658 con-

374 1703 549 1788 conenit,
572 1705 658 1770 inter
679 1723 759 1791 quoa
777 1717 847 1770 erat
862 1703 1005 1772 Andreae
1024 1703 1161 1772 Alciatua
1180 1709 1211 1772 1.
1233 1707 1269 1772 G.
1293 1723 1349 1768 ce·

373 1815 563 1884 leberrimua
599 1813 655 1906 (2).
678 1814 842 1883 Bononiae
872 1814 948 1883 artie
969 1815 1114 1884 medicae
1134 1829 1169 1886 ct
1188 1815 1348 1908 philoro-

371 1924 470 2016 phiae
486 1927 603 1996 Doctor
623 1939 747 1994 creatus
766 1939 814 1994 eat
834 1925 889 1995 die
911 1935 931 1996 1
953 1927 1058 1996 llartii
1072 1950 1156 1996 anno
1174 1933 1265 1996 1540
1286 1923 1344 2013 (3).

371 2035 428 2106 flia
459 2051 591 2106 ornatus
613 2037 795 2108 honoribus
816 2037 955 2106 Galliam
976 2052 1087 2130 petere
1109 2039 1225 2106 statuit
1246 2049 1348 2125 atque

370 2148 484 2218 audire
511 2153 577 2218 lac.
610 2148 788 2220 llollerium
819 2162 852 2218 et
874 2150 947 2218 Joh.
972 2150 1173 2236 Fernelium,
1197 2147 1345 2218 medicos

371 2263 580 2350 clarissimam
608 2263 718 2353 itaque
746 2263 905 2334 Lutetiam
932 2261 1029 2348 adiit,
1064 2262 1223 2332 obicum
1246 2260 1346 2331 firiaae

371 2378 464 2447 annia
490 2385 569 2446 1541
595 2389 628 2445 et
652 2383 735 2445 1542
758 2399 797 2444 ex
819 2375 961 2466 epistolia
983 2389 1118 2444 constat.
1143 2381 1232 2460 Quos
1256 2374 1345 2442 fruo-

327 2503 331 2514 “
371 2503 423 2561 tua
445 2513 484 2560 ex
504 2491 568 2557 hac
590 2488 794 2558 institutione
809 2488 932 2574 tulerit,
947 2511 1013 2558 non
1036 2488 1070 2556 in
1090 2488 1227 2559 obscuro
1250 2488 1342 2568 latet,

371 2680 424 2712 eum
435 2678 494 2710 anno
511 2661 578 2710 1888
593 2662 664 2709 Senae
681 2661 819 2727 llatruriae,
835 2662 900 2710 annia
918 2662 985 2710 15³0
1003 2672 1027 2708 et
1045 2663 1111 2710 loco
1128 2663 1263 2729 Bononiae,
1280 2658 1344 2709 anui!

371 2752 435 2800 1641
456 2759 481 2798 ct
497 2751 564 2799 tate
580 2750 687 2815 Parisiia3
705 2749 770 2799 nulla
786 2761 863 2801 autem
881 2751 984 2818 Epistola
1001 2769 1053 2801 eum
1069 2753 1115 2814 jam
1131 2754 1196 2818 priua
1213 2755 1240 2803 in
1267 2747 1342 2802 uallit

370 2844 441 2893 suun
450 2845 578 2892 confirmat.
588 2843 663 2906 Quare
675 2842 782 2909 equidem
793 2845 917 2894 Auctorem
928 2847 989 2895 vitae
1001 2846 1081 2895 11810
1089 2845 1149 2894 Goll.
1163 2847 1243 2896 Burm.
1256 2859 1342 2911 aequu-

371 2943 409 2984 tua
424 2950 476 2982 anm
497 2943 650 3000 statuentem,
674 2935 749 3001 patrii
765 2935 863 3001 relicti,
880 2938 979 2986 Juninm
994 2939 1073 2987 atatim
1090 2939 1237 2988 Germaniam
1255 2949 1280 2988 ct
1296 2938 1343 2986 Ita·

296 3091 299 3097 1
373 3027 429 3078 liam
450 3028 545 3094 petiiaae
562 3036 632 3094 atquc
649 3027 685 3077 hia
701 3027 836 3093 regionibns
851 3029 1012 3098 perluauatia,
1028 3031 1074 3079 iter
1091 3029 1192 3080 tandem
1200 3032 1226 3079 in
1243 3029 1342 3082 Gallim

369 3120 564 3188 1010001110·

405 3212 443 3281 (1)
466 3207 836 3279 cl.1tp.ltic.1³0elenhnrgio
858 3229 883 3278 p.
901 3215 944 3262 28.
968 3213 1029 3263 Haec
1045 3187 1161 3280 Epistola,
1180 3231 1238 3280 quaa
1256 3215 1341 3278 scripta

369 3311 405 3350 eat
426 3304 540 3352 Bononiae
564 3307 580 3352 B
603 3303 653 3355 Gal.
675 3304 743 3354 Febr.
762 3320 784 3352 a.
804 3304 914 3369 tcto,r
901 3307 1032 3372 reperitur,
1050 3307 1175 3371 praemisso
1187 3304 1216 3354 br
1204 3307 1255 3354 rari
1246 3303 1340 3355 iinitio

369 3394 395 3440 in
412 3394 429 3439 2
446 3395 551 3442 canturil
569 3397 611 3460 Ep.
630 3397 703 3445 18.
695 3415 721 3446 ιιι
738 3395 796 3446 coll.
814 3397 892 3446 Burm.
910 3395 951 3446 ulai
968 3406 1045 3446 tamen
1058 3399 1167 3463 inacripta
1183 3408 1217 3446 eat
1227 3396 1341 3446 laudarier
1455 3469 1456 3474 1

370 3483 452 3532 Guiao
474 3494 499 3533 at
522 3483 575 3533 data
600 3484 637 3534 Id.
653 3488 734 3554 Haila,
762 3489 835 3554 igitar
859 3505 918 3538 anno
932 3490 981 3556 jam
998 3490 1065 3539 18110
1089 3491 1115 3538 in
1138 3490 1227 3538 comitia
1251 3485 1339 3538 lanitii

369 3591 423 3625 eum
439 3576 510 3626 ruine
530 3586 633 3642 apparat.

343 3662 345 3668 ¹
402 3667 439 3738 (B)
456 3668 561 3719 Alcialua
575 3669 667 3734 acripait
684 3669 836 3722 Emblemata.
854 3673 891 3722 Gi.
911 3672 954 3739 Bp.
972 3690 996 3740 p.
1016 3674 1058 3724 ⁰8.

403 3758 442 3830 (B)
460 3759 526 3825 Quod
543 3762 568 3809 in
586 3761 688 3825 margine
705 3762 748 3826 Ep.
766 3762 811 3811 HS.
829 3763 915 3814 Bened.
934 3766 1003 3814 Ariaa
1021 3764 1340 3815 {cinnomannorum

369 3855 457 3903 iuraui.
