2946 5002
607 340 645 404 81

547 578 709 646 Lucanus.

176 755 325 825 Tradidit
354 754 559 824 Diokmanno
590 750 818 822 excudendum
840 754 1005 820 Lucanum
1026 757 1112 822 varia

129 870 274 940 lectione
300 868 342 937 ad
371 867 577 938 vetustissimi
603 864 794 955 exemplaris
817 866 952 955 ejusque
971 867 1111 958 castiga-

129 981 252 1050 tissimi
274 981 376 1050 fidem
397 981 440 1048 ab
460 1003 494 1050 se
514 979 746 1070 interpolatum
758 976 814 1067 (l).
838 981 984 1046 Lucanus
1003 991 1112 1046 autem
1172 1013 1176 1022 ·

131 1094 189 1162 ille
212 1115 414 1182 numquam,
438 1105 597 1182 quantum
619 1089 701 1174 scio,
722 1088 826 1156 lucem
844 1089 1001 1178 adspexit.

501 1354 545 1419 P.
571 1352 610 1418 V
607 1357 742 1443 agetius.

157 1623 159 1639 ,
178 1557 284 1647 Hujus
303 1554 442 1622 auctoris
461 1577 542 1644 opus
565 1554 606 1621 de
628 1576 665 1640 re
687 1552 878 1620 'veterinaria
905 1552 1111 1640 emendavit,

49 1685 52 1700 ·
132 1682 170 1736 ut
193 1668 280 1736 mihi
306 1667 450 1735 innotuit
480 1691 519 1734 ex
543 1671 579 1732 Ρ.
605 1666 784 1732 Burmanni
812 1669 875 1734 tts,
903 1653 1112 1749 collectione;

133 1781 193 1848 ubi
226 1781 284 1847 has¹
321 1779 545 1848 annotationes
577 1778 613 1844 in
644 1777 844 1848 bibliotheca
875 1783 903 1845 J.
937 1780 1113 1848 Beverwici

132 1891 273 1976 serrari,
301 1902 509 1982 memoratur.

373 2140 511 2206 Marius
530 2141 661 2206 Plotius
680 2151 712 2206 et
734 2139 879 2210 Servius,

179 2345 226 2412 De
254 2347 336 2410 nova
364 2344 509 2412 editione
539 2348 580 2410 ld.
603 2343 699 2412 Plotii
724 2346 879 2436 cogitasse
902 2347 1036 2413 Junium
1056 2372 1115 2416 co-

135 2458 236 2549 gnovi
255 2482 294 2526 ex
312 2462 372 2547 Ep.
393 2460 431 2524 G.
456 2458 600 2526 Fabricio
615 2482 649 2549 p.
670 2465 745 2559 457,
770 2458 828 2525 ubi
846 2459 891 2526 ita
908 2484 925 2526 »
941 2463 1056 2548 ltaque
1071 2464 1114 2529 ad

134 2595 247 2662 preces
279 2585 350 2640 tuas
371 2572 417 2639 sie
447 2572 592 2658 habeto,
624 2596 677 2641 me
694 2572 801 2663 primo
816 2596 947 2664 quoque
967 2587 1114 2664 tempore

136 2684 299 2752 desiderio
324 2697 382 2753 tuo
407 2683 570 2750 facturum
591 2684 665 2750 satis
687 2684 723 2752 in
739 2685 866 2754 edendo
890 2685 990 2754 llario
1009 2687 1115 2755 Plotio

136 2819 213 2865 oum
239 2797 340 2864 Servii
367 2795 500 2881 libello,
533 2796 619 2886 typis
643 2796 721 2864 olim
742 2796 911 2889 invulgatc
936 2799 993 2866 sed
1014 2813 1055 2884 δὶς
1070 2814 1115 2876 διὰ

137 2927 232 2985 naras
255 2932 272 2974 a
296 2930 369 2976 meo
392 2907 566 2997 exemplari
591 2908 766 2978 dissidente
786 2911 867 3000 (2).”

520 3162 735 3228 Plutarchus.

182 3367 333 3430 Servatur
362 3361 398 3427 in
425 3333 626 3430 bibliotheca
661 3360 792 3452 publica
825 3363 1114 3432 Amstelodamensi

138 3474 304 3543 Plutarchi
319 3475 482 3565 exemplar
492 3475 641 3546 Vitarum
654 3499 684 3543 a.
698 3481 796 3560 15³3,
807 3471 976 3544 Moralium
989 3499 1019 3543 a.
1031 3483 1114 3545 1542

176 3681 213 3749 (1)
230 3683 267 3731 Cf.
286 3685 329 3747 Ep.
347 3684 377 3732 Α.
397 3682 550 3732 llirclrmanno
566 3700 592 3749 p.
610 3685 669 3732 222.

174 3773 213 3842 (Β)
230 3775 267 3823 (ll.
286 3775 353 3823 Jnuii
369 3772 512 3828 Emblcmata
527 3792 553 3841 p,
569 3775 611 3824 89.
628 3793 642 3820 a
653 3777 687 3824 ita
704 3793 802 3844 namque
820 3795 834 3827 a
851 3779 924 3828 llario
940 3778 1032 3843 Plotio,
1051 3781 1116 3842 cujus

140 3863 247 3914 libellum
263 3865 293 3914 de
311 3867 391 3914 metris
408 3865 533 3932 aliquando
544 3866 732 3934 invulgabimum
751 3867 910 3919 nominatur.’'
934 3869 1002 3933 Quod
1008 3872 1115 3936 promisit

141 3958 232 4023 sanim,
249 3975 295 4008 non
307 3959 433 4023 praestitit.
452 3961 542 4010 Primus
552 3960 620 4009 ttarii
631 3961 704 4011 Plotii
715 3963 850 4028 opusculum
862 3961 937 4012 edidit
945 3962 981 4012 El.
994 3961 1116 4011 Putscbius

963 4063 982 4122 6
