2930 4996
628 343 668 406 29

504 573 544 639 D.
591 577 630 643 Ο.
677 577 719 641 Μ.
766 580 800 645 8.

91 791 99 800 ,
205 753 366 822 Hadriano
391 749 511 838 lunio,
540 742 710 835 Romano,
737 751 925 847 Philologo,
949 757 1072 828 Medico
1097 772 1129 828 et

157 871 271 935 Poetae
297 864 534 952 Celeberrimo,
561 866 708 935 Bataviae
725 866 891 938 Historieo
916 870 1127 957 fidelissimo,

157 1003 248 1071 eujus
259 1005 295 1047 ιιι
306 1002 395 1048 οιιιιιι
386 979 652 1072 drserplrnarum
665 1004 785 1071 genere
800 983 959 1070 exquisita
975 986 1127 1072 eruditio,
1210 977 1212 983 ¹
1261 1043 1266 1054 .

136 1092 332 1184 „singularis
365 1082 542 1174 industria,
569 1079 719 1161 infinitae
741 1091 889 1162 lectionis
918 1099 1127 1185 praestantia,

154 1204 327 1294 multiplex
337 1203 523 1295 linguarum
538 1204 684 1291 seientia,
695 1229 767 1295 pari
758 1206 953 1296 eonjunetd
965 1209 1126 1295 comitate,

153 1316 299 1397 uirorum
310 1315 458 1386 omnium
472 1314 643 1390 doctorum
666 1318 916 1388 admirationem
930 1320 1128 1412 laudemque

153 1430 286 1512 meruit,
298 1444 370 1520 post
381 1415 466 1498 varia
480 1430 745 1520 incomparabilia
758 1431 884 1523 ingenii
898 1448 1125 1522 monumenta,

99 1613 101 1618 ,
152 1543 273 1634 quibus
287 1556 454 1612 aeternam
471 1543 534 1610 sibi
546 1542 738 1612 memoriam
757 1546 966 1636 comparavit,
982 1547 1043 1614 sub
1064 1549 1127 1617 boe

153 1678 314 1724 marmore
333 1656 485 1742 condito,
507 1656 594 1746 patri
614 1657 737 1746 optime
756 1658 797 1724 de
813 1681 846 1726 se
863 1660 992 1744 merito,
1013 1665 1125 1730 Petrus

139 1772 269 1840 lunius
299 1769 530 1841 moestissimus
556 1772 687 1864 pietatis
710 1797 800 1864 ergo.
843 1779 879 1841 P.
907 1780 942 1845 C.

155 1905 162 1922 '
194 1885 286 1957 vixit
307 1901 414 1954 'annos
436 1877 491 1954 68.
520 1886 612 1955 Obiit
639 1886 693 1954 die
721 1879 909 1956 '16'mensis
943 1879 1011 1957 sibi
1043 1867 1126 1982 eog-

152 1997 311 2083 nominis,
335 2021 422 2066 anno
440 2001 473 2065 S.
495 1998 571 2067 Chr.
602 2004 717 2066 1575.»

195 2111 352 2200 Permulti
381 2111 416 2178 in
439 2113 508 2202 ejus
539 2111 665 2180 obitum
697 2110 846 2180 luserunt
873 2099 1007 2203 poetae,
1041 2117 1126 2186 inter

138 2214 231 2314 'quos
250 2227 467 2292 lanusllouza
483 2222 702 2292 nobilissimus
728 2221 784 2291 ille
799 2225 969 2320 obsidione
990 2231 1125 2321 Lugdu·-

150 2338 187 2404 ni
211 2335 414 2406 Batavorum.

157 2481 160 2506 :
193 2453 281 2516 Bene
300 2449 451 2518 convenit
469 2449 505 2516 in
523 2461 672 2516 nostrum
687 2455 705 2517 J
708 2450 843 2535 unium,
861 2451 950 2539 quod
967 2449 1124 2542 in'primo

149 2563 226 2650 Gap.
247 2561 401 2630 Eumenis
421 2560 644 2650 pronuntiavit
678 2565 773 2630 Corn.
805 2565 920 2652 Nepos.
945 2564 1071 2654 »Hujus
1097 2564 1124 2632 si
1150 2543 1151 2548 ἵ

147 2672 262 2740 virtuti
277 2697 337 2764 par
362 2675 438 2740 data
466 2685 547 2740 esset
566 2672 719 2755 fortuna,
741 2697 808 2743 non
829 2673 884 2742 ille
902 2675 1036 2765 quidem
1051 2699 1124 2766 ma-

143 2786 199 2876 jor
215 2785 274 2853 sed
289 2786 392 2854 multo
411 2784 569 2853 illustrior
589 2797 688 2875 atque
710 2787 809 2855 etiam
823 2787 1024 2875 honoratior,
1035 2788 1124 2881 quod

148 2922 287 2990 magnos
306 2899 456 2969 homines
471 2900 596 2967 honore
619 2899 776 2968 metimur
797 2924 864 2970 non
890 2901 1033 2992 fortuna

146 3041 214 3115 ritas.
231 3066 344 3129 Quoniam
358 3055 478 3132 praeterea
491 3053 569 3116 omnes
585 3068 640 3116 anni
654 3069 722 3117 lota
734 3066 844 3132 epistolae
864 3065 1011 3132 Medioburgi
1025 3067 1123 3133 scriptae
1218 3099 1223 3108 ι

147 3168 202 3206 runt
212 3151 298 3224 eaeque
308 3158 405 3208 tunium
414 3175 441 3206 eo
451 3175 511 3207 anno
520 3157 632 3207 lahorasse
644 3157 709 3232 gravi
719 3156 798 3206 morbo
811 3157 918 3223 probant,
930 3159 970 3206 vix
977 3156 1035 3205 mibi
1046 3155 1123 3204 credi-

147 3236 197 3299 lille
209 3250 313 3315 videtur,
325 3265 378 3299 enm
386 3249 455 3316 paulo
466 3258 520 3298 ante
531 3259 628 3299 mortam
639 3250 684 3297 iter
694 3246 850 3298 Arnemudam
860 3249 941 3296 leclase
955 3256 1123 3312 aegrotantem,

147 3343 532 3410 qnamrlanonialiti'aripoanam‚
544 3340 711 3390 solertemeaae
723 3341 889 3406 conjecturam,
916 3353 986 3404 qnam
1001 3339 1123 3404 proposuit
1229 3409 1231 3416 y

145 3432 188 3482 Vir
200 3434 296 3483 Dortise.
309 3433 359 3490 Jae.
370 3433 507 3498 Schelterna,
519 3433 547 3481 de
558 3432 675 3481 Geloolrr.
689 3447 732 3479 ran
743 3430 827 3480 lunius
842 3430 902 3480 uel.
895 3448 937 3498 ..p
930 3432 992 3480 ..30
1013 3432 1123 3498 Superest

147 3525 243 3613 quidem
252 3529 322 3576 series
331 3526 497 3594 sepultornm'
489 3543 514 3575 ιιι
531 3523 625 3590 Templo
636 3524 700 3572 llovo
711 3521 859 3590 Medioburgi
870 3524 899 3573 eb
912 3541 971 3574 anno
982 3522 1037 3573 inde
1054 3523 1122 3573 1574

150 3617 191 3667 r'ed
202 3618 270 3684 proh.
285 3617 363 3667 dolor!
381 3618 564 3668 desiderantur'
556 3634 581 3665 ιιι
597 3616 624 3665 ed
639 3611 727 3664 menaea
742 3615 826 3666 Juniua
843 3627 868 3666 et
878 3615 956 3668 Julius
971 3617 1026 3696 anni
1042 3615 1120 3666 1575.

149 3707 295 3758 &renudato
305 3717 354 3758 tota
364 3709 450 3760 saeculi
462 3711 494 3758 to
504 3709 575 3758 series
584 3697 727 3756 mortuorum
738 3709 817 3774 pern't.

575 3971 733 4001 ...Q-.-
