2946 5002
815 365 876 434 100

400 547 429 612 Si
449 546 532 610 canit
549 544 641 608 heroo
661 565 766 630 regom
786 543 939 610 manubia
958 565 1064 626 rasa,

439 655 517 716 Pene
536 650 596 714 tuis
614 651 705 712 instat
723 651 869 736 gressibus
888 649 948 716 alte
966 653 1059 716 laro.

405 759 465 821 Seu
482 767 600 820 oeneros
618 753 734 819 mavult
751 755 856 841 Elegos
874 755 1015 838 finxisse,
1035 755 1185 843 probarit

436 863 550 940 ltoma,
570 881 660 926 suom
678 859 802 925 credens
821 863 917 925 rivere
938 862 1177 926 Callimachum.

276 993 279 1002 ¹
398 968 447 1032 nt
465 977 496 1028 et
515 965 568 1029 ulri
587 965 687 1030 flacci
706 987 848 1030 nummos
869 967 1050 1051 cipleverit,
1071 966 1153 1028 odas

443 1073 522 1136 uum
540 1071 655 1135 Batiam
673 1091 769 1134 moras
787 1081 934 1158 temperat
952 1071 992 1134 ad
1011 1070 1178 1134 citharam.

396 1176 444 1240 td
463 1178 579 1240 Latiam
597 1196 695 1241 moras
715 1175 863 1240 citharam
882 1177 924 1240 sio
943 1187 1091 1261 temperat
1112 1174 1210 1251 odas,

436 1283 520 1346 Unus
537 1279 574 1346 'us
592 1303 652 1346 esse
672 1280 727 1344 tihi
747 1301 804 1366 par
822 1281 1006 1344 Buchanane
1025 1291 1129 1367 queat.

398 1390 480 1466 Quae
500 1387 607 1451 clausit
623 1385 763 1452 brevilrus
781 1385 892 1450 ludens
910 1387 1134 1471 Epigrammata
1155 1384 1262 1469 gyris,

437 1491 486 1556 An
504 1493 605 1557 minus
624 1505 730 1578 arguto
752 1492 868 1556 condiit
884 1491 936 1555 ille
956 1491 1039 1557 sale?

398 1598 442 1663 lle
461 1600 573 1684 patriae
592 1601 651 1662 nisi
668 1599 756 1662 tollat
774 1618 876 1676 amor,
896 1618 959 1685 quo
979 1617 1096 1662 carcere
1117 1603 1244 1672 currat,

439 1703 529 1770 affert
547 1725 578 1769 se
598 1704 679 1790 genii
697 1705 741 1768 ris
759 1725 901 1788 genmosa
920 1705 977 1767 sui.

399 1810 436 1872 Ut
454 1831 594 1895 praesens
611 1820 704 1894 neget
720 1809 780 1872 hoo
800 1820 895 1889 aetas,
916 1808 1001 1872 dabit
1019 1809 1111 1872 altera
1131 1819 1228 1883 certe,

439 1914 529 1994 Quod
548 1913 660 1977 lledioi
680 1921 710 1975 et
728 1911 832 1978 ttelies
849 1915 958 1976 iunius
978 1925 1040 1977 arte
1061 1925 1178 1999 potens.

400 2021 463 2081 Stat
481 2037 552 2080 snos
573 2016 632 2081 hoc
652 2017 739 2082 ttrnis
757 2027 788 2080 et
806 2016 903 2080 honos
923 2018 983 2104 hoc
1002 2019 1121 2118 vindice
1141 2016 1282 2092 Phoebo,

439 2123 646 2209 Ausoniaeque
665 2121 743 2186 redit
762 2123 857 2208 gloria
876 2125 974 2208 prisca
994 2125 1090 2208 lyrae.
1194 2129 1198 2134 '

400 2230 462 2294 lloo
478 2232 605 2316 juvenes
626 2250 751 2316 unoque
770 2249 856 2292 senes
875 2228 1006 2292 didicere
1026 2229 1184 2313 magistro,

439 2336 564 2420 Singula
583 2357 646 2422 quo
666 2334 727 2398 dici
745 2335 870 2398 nomine
889 2336 944 2397 rite
965 2341 1107 2420 queant,¹

298 2500 301 2510 ,
399 2442 497 2526 llagni
517 2439 594 2528 opu's
613 2441 743 2526 ingenii,
764 2460 827 2526 quo
846 2461 911 2502 non
931 2437 1128 2524 praestantior
1148 2437 1221 2498 alter

439 2546 575 2608 Romano
595 2545 710 2610 invexit
729 2543 905 2627 Cecropiore
925 2544 1000 2608 foro.

400 2653 468 2714 Non
487 2651 563 2714 alter
580 2661 714 2715 veterum
732 2649 857 2711 mendas
877 2647 1013 2710 subolere
1033 2647 1158 2708 latentes
1236 2679 1238 2686 ·

432 2756 577 2831 Doctior,
598 2765 650 2816 aut
670 2738 908 2817 fids'resfituissa
927 2773 1032 2814 manu.

398 2859 512 2918 Nonius
533 2868 602 2918 ante
622 2847 746 2942 qrriclem
764 2857 852 2920 nulls
871 2854 1055 2919 medicabilis
1076 2863 1151 2931 arte,

438 2963 527 3022 Nunc
545 2961 636 3023 faciat
655 2962 778 3044 plenam
796 2972 948 3046 sartosque
968 2960 1081 3045 ubique
1100 2958 1204 3022 fidem.

318 3137 321 3142 ,
407 3067 526 3131 Scilicet
545 3077 575 3131 et
594 3065 702 3129 chartis
723 3069 874 3154 aegrisque
894 3067 996 3130 aliene
1016 3066 1146 3130 medelas

437 3175 567 3236 iusserat
586 3175 791 3254 aeternioura
809 3172 948 3256 benigna
960 3173 1024 3236 Dei.
1246 3239 1248 3242 ¹

398 3279 455 3358 Qui
474 3278 568 3340 talem
587 3277 740 3360 dederint,
756 3297 881 3362 quaeras
902 3279 925 3337 si
944 3277 1020 3338 forte
1040 3279 1198 3360 parentes?

436 3384 509 3445 Usus
529 3383 556 3444 ei
576 3382 709 3466 genitor,
731 3383 982 3464 llnemosyncque
1001 3385 1121 3464 parens

397 3485 436 3545 sit
456 3485 582 3566 Sophiae
602 3487 699 3550 Pallas
715 3485 814 3548 studio
833 3485 972 3547 formavit
991 3493 1021 3546 et
1041 3484 1125 3546 auxit

440 3587 559 3648 Artibus
579 3591 691 3672 ingenii
713 3590 883 3674 calliopaea·
900 3591 955 3652 sui.

874 3723 901 3772 Ρ.
923 3721 1080 3772 Hoommus
1096 3690 1157 3771 stet.
1179 3722 1249 3772 lloro.
