2930 4996
787 335 806 390 6

318 525 401 580 tores
429 531 496 576 nou
524 507 742 578 convenirent.
796 512 906 598 Aeque
936 509 1053 578 incerti
1089 512 1176 580 vitoe
1213 527 1288 580 sunt

317 641 407 690 coms
436 619 611 706 Hadriani,
641 633 679 688 ut
698 643 765 712 quo
785 643 872 692 enno
893 635 928 692 et
950 625 1110 712 quamdiu
1131 624 1230 698 variis
1253 623 1291 694 in

316 731 507 825 regionibus
527 743 560 800 et
578 731 656 802 locis
676 745 815 802 versatus
836 731 937 804 fuerit
960 734 1108 826 quidque
1133 735 1185 807 tbi
1213 759 1290 828 ege·

199 859 202 868 ’
315 845 380 926 rit,
404 842 632 915 deficientibus
652 845 863 932 testimoniis,
887 869 983 938 ssepe
1001 871 1061 938 pro
1081 861 1172 918 certo
1201 848 1293 916 offir-

317 955 398 1028 nui
424 977 491 1024 non
516 954 627 1045 possit.
812 976 814 984 ·
1245 975 1248 982 ⁴

360 1071 431 1152 Quo
442 1089 588 1136 successu
598 1079 733 1136 conatus
741 1066 807 1135 mei
816 1067 852 1136 in
868 1068 930 1136 boc
942 1069 1144 1138 elaborando
1152 1070 1292 1140 materie

316 1178 400 1249 mibi
412 1179 575 1266 cesserint,
587 1202 697 1248 meum
707 1201 774 1248 non
784 1192 832 1248 est
842 1180 1021 1270 dijudicare
1030 1207 1040 1267 ;
1059 1183 1169 1252 celone
1182 1195 1297 1262 cutem

316 1313 523 1384 nonpossum
541 1293 690 1364 lubenter
708 1316 762 1362 nse
781 1293 817 1361 in
833 1293 968 1366 historio
990 1295 1178 1364 litterarum
1199 1296 1245 1362 ab
1263 1314 1294 1360 n.

319 1411 404 1476 1⁵40
423 1407 466 1474 sd
485 1431 516 1476 s.
538 1411 622 1476 1575
637 1419 797 1476 versatum
821 1406 943 1493 fuisse,
969 1431 1073 1498 eoque
1093 1407 1292 1488 lubentius,

317 1521 405 1608 quod
430 1519 556 1609 saepius
583 1529 640 1586 eut
660 1541 741 1586 nova
766 1520 954 1588 autminus
981 1521 1111 1612 cognita
1135 1519 1294 1587 invenire

317 1630 503 1722 contigerit.

359 1741 461 1808 Nullis
482 1739 645 1807 laboribus
665 1763 718 1808 me
740 1743 941 1832 pepercisse,
964 1767 1029 1834 quo
1052 1745 1183 1834 aliquid
1208 1742 1293 1810 lucis

315 1858 389 1920 met
407 1855 505 1942 opert
526 1851 610 1920 vitoe
634 1865 667 1920 et
688 1854 814 1946 scriptis
839 1862 878 1924 Η.
905 1858 994 1926 Junii
1019 1860 1215 1944 accederet,
1240 1856 1293 1924 fa-

315 1963 376 2030 teri
395 1985 535 2053 possum.
582 1967 683 2035 Nemo
702 1981 844 2036 sutems
870 1991 923 2038 me
943 1983 1056 2061 utpote
1072 1973 1201 2061 juvene
1224 1991 1295 2038 om-

314 2074 411 2143 nibus
426 2077 571 2146 numeris
587 2079 763 2168 perfectum
781 2093 814 2148 et
827 2081 1005 2151 absolutam
1022 2083 1290 2172 disquisitionem

315 2201 487 2280 exspectet.
517 2190 550 2258 si
575 2195 640 2281 qut
665 2192 767 2284 igitur
791 2205 883 2284 parte
904 2196 1116 2284 peccaverim,
1138 2199 1291 2266 Lectores

315 2303 485 2396 ignoscent
518 2305 603 2375 mibi
635 2308 755 2394 velim,
782 2306 904 2398 quippe
940 2309 997 2396 qui
1030 2332 1139 2379 amore
1161 2307 1291 2399 patriae

315 2417 431 2488 ductus
452 2421 556 2510 majus
580 2421 711 2490 fortasse
745 2443 845 2506 onus,
874 2442 973 2509 quam
997 2443 1056 2512 pro
1079 2421 1225 2504 viribus,
1254 2420 1290 2487 in

315 2553 369 2601 me
386 2535 593 2622 susceperim.
