2946 5002
613 344 655 408 73

134 522 369 616 nesciebantz'
387 521 469 590 haec
507 523 636 591 Batavis
672 522 767 591 nobis
799 523 959 615 superstes
992 524 1121 594 nonnisi

132 636 373 728 prolegomena
406 634 554 703 continet
575 634 749 721 historiae,
779 659 879 726 quam
901 636 1029 706 duobus
1050 637 1122 704 aliis

135 747 316 840 complecti
345 747 443 817 tomis
470 748 568 818 lunio
593 747 659 816 fuit
686 749 913 846 propositum,
946 751 1033 818 hanc
1062 775 1123 818 au-

133 876 210 930 tem
239 861 346 952 ipsam
376 873 482 929 morte
513 874 711 953 praeventus
738 885 781 930 ne
804 860 960 932 inchoare
986 861 1122 952 quidem

40 1045 42 1052 ,
132 975 258 1068 potuit.
304 978 447 1066 Apparet
469 975 533 1044 hoc
556 999 595 1044 ex
613 975 757 1066 Epistoll
775 977 838 1043 MS.
856 977 952 1045 Petro
973 977 1121 1060 Corneto,

134 1087 199 1156 ubi
232 1087 349 1155 lunius
379 1087 425 1156 ita
458 1087 586 1158 »Porro
612 1088 702 1178 quod
729 1087 773 1155 ad
799 1086 969 1156 historiam
991 1110 1123 1156 omnem

56 1267 59 1272 .
136 1202 283 1287 attinet,
316 1199 443 1270 consilii
467 1201 534 1270 mei
555 1202 717 1271 rationem
739 1201 803 1269 tibi
827 1201 990 1292 aperiam,
1014 1215 1124 1269 statu-

136 1329 215 1384 tum
237 1317 327 1406 apud
348 1338 402 1384 me
423 1338 511 1403 esse,
536 1315 631 1398 utin
650 1328 716 1384 tres
738 1327 843 1384 tomos
866 1337 939 1382 eam
961 1313 1123 1406 digeram,

137 1452 179 1497 ac
213 1428 320 1520 primo
341 1428 406 1496 hoc
437 1427 680 1520 logistoricum,
705 1439 838 1520 propter
868 1427 980 1495 crebra
1005 1426 1125 1494 autho-

139 1564 219 1608 rum
252 1538 461 1632 testimoniaJ,
503 1540 660 1610 alieniore
699 1540 741 1607 ab
779 1537 933 1608 historiae
966 1538 1123 1628 peculiari

141 1655 230 1746 stylo
249 1667 465 1746 praestarem,
488 1654 646 1740 seeundo,
669 1653 728 1743 qui
746 1655 817 1744 jam
838 1663 1015 1742 sequetur,
1034 1651 1125 1719 Prin-

143 1768 259 1860 cipum
289 1781 475 1838 nostrorum
506 1789 556 1836 res
583 1779 689 1860 gestas
711 1767 828 1837 ordine
849 1787 1061 1858 persequerer
1082 1764 1126 1832 sd

144 1882 287 1950 Jacobae
321 1880 466 1950 fatalem
488 1903 591 1971 usque
624 1881 768 1967 exitum,
808 1878 906 1948 tertio
938 1879 1124 1948 Haeredum

142 1983 414 2085 Burgundiorum
451 2018 490 2062 ac
518 2008 721 2085 posterorum
756 1993 840 2062 facto
871 1991 998 2083 scriptis
1029 2015 1125 2059 man-

143 2108 293 2176 darem.''

191 2221 327 2289 Junium
349 2222 386 2289 in
409 2223 539 2291 Batavis
564 2220 706 2315 eleganti
726 2222 871 2290 oratione
894 2220 1004 2290 minus
1026 2233 1125 2309 atque

144 2335 183 2402 in
207 2335 322 2426 ceteris
338 2331 474 2426 'scriptis
494 2359 590 2405 usum
606 2335 706 2403 fuisse
724 2322 874 2404 et'multi
897 2331 954 2399 ulii
977 2330 1126 2397 animad-

143 2460 314 2516 verterunt
340 2462 374 2516 et
398 2471 473 2518 vero
498 2447 629 2524 Vossius
656 2446 700 2540 (l)
735 2443 936 2529 observavit,
965 2443 1057 2533 cujus
1078 2440 1126 2508 rei

144 2585 277 2630 causam
298 2562 349 2629 vir
376 2586 522 2630 summus
553 2561 692 2652 positam
719 2582 786 2628 esse
814 2556 957 2626 eredidit
979 2555 1015 2632 in
1030 2552 1125 2622 senili

143 2675 234 2743 lunii
258 2688 374 2762 aetate,
397 2676 487 2766 quod
512 2698 593 2742 num
617 2696 695 2742 vere
719 2671 846 2740 dietum
868 2670 910 2737 sit
933 2679 1004 2737 non
1022 2667 1127 2748 audeo

147 2787 354 2879 dijudicare,
375 2790 439 2858 hoc
459 2803 570 2858 autem
597 2789 701 2857 ¹unum
728 2785 986 2854 animadvertere
1010 2781 1127 2866 liceat,

146 2903 284 2971 lunium
316 2902 340 2969 l.
361 2925 389 2970 c.
421 2902 568 2994 profiteri
589 2901 624 2970 se
653 2902 739 2968 hanc
769 2897 950 2968 dictionem
982 2894 1128 2965 consulto

147 3039 340 3108 usurpasse,
363 3028 435 3084 tum
454 3039 529 3085 vero
551 3015 587 3083 in
607 3003 811 3106 praefatione
832 3014 876 3082 ad
896 3011 1027 3081 ordines
1048 3009 1128 3077 Hol-

148 3129 280 3196 landiae
297 3129 428 3214 dicere,
450 3151 485 3196 se
504 3129 539 3195 in
559 3128 732 3197 scribendo
751 3123 965 3206 Suetonium,
986 3120 1040 3188 cui
1065 3142 1129 3208 pe-

150 3243 272 3312 culiare
291 3241 359 3310 fuit
377 3267 488 3311 amare
507 3243 717 3329 brevitatem,
735 3240 827 3331 sequi
844 3236 1013 3320 maluisse,
1029 3254 1129 3322 quam

148 3357 288 3425 Marium
308 3357 497 3444 Maximum,
522 3356 783 3426 verbosissimum
800 3353 914 3430 istum,
935 3371 1035 3438 quem
1055 3369 1131 3438 my-

147 3471 362 3538 thihistoricis
389 3469 612 3539 voluminibus
641 3495 676 3540 se
698 3471 923 3562 implicantem
948 3470 1131 3561 Flsvopis-

148 3611 205 3666 cus
239 3585 397 3677 prodidit.
467 3585 539 3654 Scio
567 3586 721 3674 equidem
761 3587 864 3656 fidem
891 3588 991 3679 hujus
1024 3585 1131 3678 operis

145 3686 339 3766 ¹historicam
363 3721 381 3765 a
399 3697 569 3767 Germanis
587 3699 786 3788 quibusdam
802 3699 1031 3793 impugnatam
1050 3721 1129 3784 esse,

150 3811 210 3900 qui
234 3811 338 3881 nimio
359 3812 484 3903 patriae
508 3835 618 3882 amore
641 3813 770 3905 abrepti
793 3817 836 3885 ob
856 3839 955 3883 unam
981 3812 1132 3881 inventae

188 3947 229 4018 (1)
247 3950 381 4000 bellatura
399 3951 464 4019 Art}
475 3953 502 4001 t.
523 3952 548 4000 3.
564 3969 583 4000 c.
601 3950 654 4018 4.§
671 3951 715 4007 28.
