2930 4996
628 393 667 452 15

201 581 261 648 His
284 579 319 646 in
335 578 655 668 peregrinationibus
673 583 862 678 praesertim
886 584 1135 670 verojtumcpm

156 697 195 762 in
224 692 342 783 anglia
363 690 568 758 domicilium
598 693 716 762 habuit
733 697 846 764 multis
865 719 939 765 cum
960 700 1037 767 viris
1064 702 1136 769 doc·

156 807 203 874 tis
234 801 490 872 familiaritatem
519 803 698 891 contraiit,
723 830 762 873 ex
784 814 849 896 qua
874 824 908 877 et
930 830 1002 878 suas
1019 835 1135 902 perpe.

157 918 234 984 livit
265 917 369 983 animi
399 917 490 984 dotes
521 931 555 985 et
597 941 690 1002 eam,
713 915 806 1009 'quae
835 945 894 1011 per
926 926 1036 992 omnia
1066 927 1135 1016 ejus

155 1029 279 1119 scripta
305 1043 473 1116 tamquam
498 1031 746 1099 condimentum
777 1033 919 1123 dispersa
947 1050 1016 1121 est,
1047 1039 1137 1105 auxit

156 1143 352 1212 doctrinam.

249 1371 269 1454 ς
291 1373 323 1433 3.
349 1369 490 1436 Raditur
511 1393 554 1435 ex
566 1371 698 1460 Angli&
711 1375 748 1435 ira
765 1377 924 1460 patruum.
946 1373 1047 1440 Pere-

456 1487 612 1573 grinatio
633 1487 669 1546 in
690 1483 845 1550 Danaum.
905 1533 909 1540 -

202 1711 250 1773 Ex
269 1707 387 1797 Anglia
410 1708 525 1774 Junius
550 1707 652 1776 redux
670 1708 778 1798 primo
803 1709 947 1777 Harlemi
965 1709 1013 1802 (1)
1037 1710 1132 1778 dein·-

153 1818 199 1892 de
223 1821 352 1886 Rornae
377 1817 424 1909 (2)
447 1821 556 1887 sedem
578 1821 706 1910 posuit,
730 1821 787 1888 ubi
813 1821 904 1890 nullo
924 1845 1059 1892 munere
1080 1847 1134 1890 or·

155 1943 257 1996 natus
287 1930 418 2020 publico
454 1932 654 2004 medicinam
673 1934 818 2023 privatus
850 1934 994 2002 exercuit
1020 1933 1138 2005 literis·

155 2065 227 2132 que
260 2045 358 2111 simui
391 2047 535 2114 vacavit:
594 2047 654 2114 Hic
689 2048 778 2135 quod
818 2061 927 2114 contra
971 2047 1132 2138 receptam

153 2155 295 2223 alendae
324 2177 435 2225 comae
465 2155 734 2238 consuetudinem
769 2170 894 2226 attonso
917 2159 1036 2244 vertice
1057 2163 1132 2227 Ita·-

154 2270 264 2337 lorum
310 2291 400 2337 more
444 2270 631 2354 incederet,
669 2271 713 2335 ad
749 2291 866 2357 quem,
903 2270 988 2337 sieut
1025 2273 1132 2340 virum

151 2391 333 2462 πολύτροπον
362 2382 475 2465 decet,
511 2382 547 2448 in
578 2380 668 2447 cultu
689 2405 722 2447 se
744 2381 1064 2465 accommodaverat,
1097 2384 1132 2448 in

153 2495 334 2562 multorum
361 2491 648 2584 reprehensionem
672 2493 829 2578 incurrit,
852 2493 909 2580 qui
933 2493 1131 2560 illum'cul-

153 2587 226 2676 tum
246 2608 317 2675 viro
341 2607 432 2697 gravi
453 2629 581 2698 prorsus
619 2605 795 2696 indignum
821 2627 888 2673 esse
909 2605 1129 2674 clamitabant

155 2723 239 2788 Istos
254 2718 407 2787 homines
426 2717 525 2784 nimis
541 2717 782 2793 consuetudinis
792 2718 870 2807 jure
890 2717 1132 2787 abutentestillo
1239 2717 1240 2726 ’

155 2845 308 2921 tempore
341 2830 447 2899 verbis
478 2830 653 2914 refutavit,
688 2842 799 2920 postea
828 2853 903 2899 vero
930 2832 1130 2922 sedarpuit,

156 2945 251 3012 edito
276 2944 317 3011 de
344 2949 437 3012 coma
459 2941 593 3026 libello,
622 2957 660 3010 ut
681 2945 816 3033 justam.
842 2945 975 3012 consilii
984 2944 1131 3034 factique

155 3057 206 3124 sui
223 3058 386 3126 rationem
394 3057 545 3148 probaret
555 3057 611 3147 (3).
637 3057 752 3147 Inopia
766 3080 936 3146 oppressus
944 3080 1019 3128 rem
1033 3057 1131 3126 fami-

154 3167 272 3238 liarem
304 3170 398 3237 valde
426 3171 582 3236 afflictam
611 3193 761 3260 reparare
795 3182 927 3237 conatus
955 3181 1009 3236 est
1045 3168 1131 3236 seria-

156 3282 270 3352 bendo
296 3304 426 3350 carmen
453 3283 631 3351 heroicum.
644 3283 678 3350 in
698 3281 828 3371 nuptias
848 3278 992 3368 Philippi
1013 3282 1131 3346 etMa·

156 3397 227 3463 riae
257 3397 320 3487 (4),
347 3399 436 3486 quod
460 3397 683 3486 Philippeidos
714 3394 848 3462 nomine
864 3392 1130 3484 (diinscriptum

193 3531 919 3601 (1)OEEpa.Nanniop.4otatr·1tanntop.uta.
975 3511 978 3520 ⁴
1018 3523 1020 3530 ’
1105 3505 1107 3510 ¹

192 3623 230 3692 (3)
249 3626 286 3674 Cf.
304 3628 347 3691 Ep.
365 3625 483 3676 Meinardo
499 3644 524 3691 p.
542 3627 592 3674 330
610 3635 635 3677 o't
652 3625 693 3678 Cf..
707 3626 802 3689 Ep.'l{.
821 3624 943 3687 eaningae
962 3639 985 3688 Ρ.
1004 3623 1064 3672 346.

192 3714 230 3784 (3)
248 3717 285 3766 Cf.
302 3719 345 3782 ΕΡ.
362 3717 421 3766 Ded.
436 3719 462 3766 in
480 3719 566 3767 Comma
586 3716 614 3765 de
633 3718 712 3766 Comi.

192 3806 230 3875 (4)
249 3807 353 3874 Philippi
376 3810 498 3874 Hispaniae
523 3810 594 3873 Regis
619 3818 643 3856 et
667 3809 752 3857 Mariae
784 3808 881 3871 Angliae
908 3809 1008 3871 Reginae
1037 3808 1132 3855 lienrici

156 3903 201 3951 avi
217 3899 287 3950 filiae.

195 3993 235 4060 (ὃ)
254 3995 290 4044 Cf.
309 3993 390 4044 Velius
409 3995 425 4043 Ι.
447 4014 467 4044 ο,
486 4007 509 4044 et
529 3997 616 4044 Auctor
630 3995 698 4043 Vitae
719 3995 762 4058 Ep.
783 4011 819 4059 pr.
