2946 5002
648 355 689 417 to

308 530 464 592 Gonnulrio
478 530 565 608 laeti,
588 553 696 614 magne
716 531 871 617 Philippa,
893 546 956 596 tuo.

265 635 319 709 Et,
340 635 418 696 Beue
438 646 485 712 te,
506 649 684 722 gentemque
703 648 801 714 tuam,
823 641 1031 726 populumque
1049 643 1152 706 Mariae

304 741 459 812 Diximus,
478 743 629 826 exceptis,
652 743 731 818 Rex,
752 753 854 804 tamen
875 747 1028 828 Hesperiis.

265 835 423 930 Effusoque
446 867 545 916 mero,
562 847 659 910 verbis
679 847 851 910 solennibus
871 851 930 925 usi,

303 940 478 1033 scripsimus
499 952 624 1013 Heroum
643 951 697 1012 rite
717 949 913 1034 Philippeida.
988 929 994 942 ¹

227 1033 230 1046 Ι
264 1053 342 1114 ΙΓιιιο
359 1051 520 1118 adventitia
539 1058 659 1140 excepit
678 1077 726 1118 me
746 1057 843 1138 patria
862 1056 969 1132 tellus,

301 1159 361 1220 Ceu
380 1161 556 1243 postliminii
572 1151 647 1248 jure*
663 1161 788 1224 domum
808 1159 960 1222 reducem.

179 1309 180 1314 η
262 1265 322 1326 Nec
341 1267 483 1327 tralatitio
500 1268 596 1330 civem
615 1269 755 1330 mactarit
775 1267 889 1329 honore

302 1368 493 1446 Eudemum,
516 1381 585 1454 apta
605 1371 661 1453 piis
680 1371 796 1433 vatibus
816 1371 869 1432 illa
889 1368 1005 1431 domus.

211 1515 218 1524 -
261 1472 317 1534 Illa
337 1472 411 1534 mihi
431 1474 532 1552 sedes,
553 1475 638 1536 illinc
658 1475 732 1536 mihi
752 1477 877 1559 contigit
896 1497 992 1550 uxor,

301 1581 396 1663 iligna
416 1583 478 1643 aevi
499 1603 619 1643 mecum
639 1604 716 1666 quae
736 1582 988 1664 spatiaexigeret.

260 1684 338 1748 llaec
357 1685 431 1746 mihi
451 1687 630 1768 contigerat,
653 1696 684 1746 at
702 1706 822 1747 mecum
841 1685 923 1746 haud
944 1685 1068 1769 contigit
1086 1687 1130 1747 illi

301 1790 421 1866 Vivere,
442 1811 521 1852 mors
542 1791 619 1852 cavit
637 1812 676 1851 ne
698 1790 840 1850 diuturna
858 1789 944 1851 leret.

259 1893 357 1968 vixit,
378 1904 408 1954 et
427 1894 445 1955 ὃ
465 1894 582 1956 utinam
602 1895 693 1956 modo
713 1896 823 1970 viveret
843 1894 895 1956 illa
905 1941 915 1971 ,
935 1895 1050 1958 viderer

300 1997 381 2057 Certe
401 2007 430 2058 te
449 1999 534 2076 viva,
556 2001 654 2062 vivere
674 2002 785 2084 etipse
805 1999 890 2060 mihi.

258 2101 325 2161 Non
344 2102 386 2162 ita
407 2103 461 2163 diis
480 2105 576 2164 visum
596 2116 657 2181 est,
679 2105 731 2187 qui
751 2125 799 2165 me
820 2104 865 2164 nil
885 2105 945 2164 tale
965 2105 1120 2166 timentem

297 2209 334 2267 ln
353 2206 445 2266 viduo
465 2208 563 2268 solum
584 2207 739 2268 destituere
759 2207 855 2269 thoro.

259 2310 315 2373 Sed
327 2311 421 2386 bene,
435 2311 518 2394 quod
528 2332 592 2371 non
605 2321 635 2372 et
647 2312 737 2394 patris
751 2311 824 2372 mihi
837 2333 950 2372 nomen
963 2313 1148 2396 ademptum,

304 2419 404 2493 Quum
424 2415 541 2496 gemina
562 2436 601 2476 ex
618 2415 672 2476 illa
691 2417 817 2499 pignora
837 2413 1012 2476 sustulerim.

255 2520 411 2584 lnlantum
428 2543 482 2604 par
503 2521 591 2582 dulce
612 2521 702 2598 mihi,
724 2521 869 2606 equibus
890 2521 980 2582 altera
1003 2521 1087 2583 Clara

296 2629 381 2690 lliota
400 2628 481 2687 aviae
499 2649 612 2689 nomen
633 2628 763 2716 obtinet,
784 2627 858 2688 alter
878 2627 934 2690 avi.

256 2733 362 2816 Aspice
382 2743 417 2795 ut
436 2745 465 2795 et
484 2743 584 2794 nostra
605 2735 736 2817 signatur
755 2733 885 2816 imagine
905 2743 1050 2816 uterque,
1161 2790 1166 2799 ,

298 2839 416 2901 Iudicat
436 2850 466 2900 et
485 2840 586 2900 matris
606 2843 656 2902 ore
677 2839 865 2922 pudicitiam.
960 2883 961 2886 η

255 2945 312 3007 Sed
332 2966 390 3006 nec
410 2946 623 3021 tenemium,
646 2946 735 3006 viduo
757 2967 834 3030 quae
856 2956 953 3028 nupta
973 2942 1065 3004 cubili

297 3049 440 3111 Successit
458 3047 597 3110 thalamis
616 3071 689 3111 mox
710 3049 839 3111 Ariadne
859 3051 941 3110 meis.

255 3154 368 3238 Viginti
385 3163 532 3215 extremos
552 3175 671 3215 mecum
691 3176 767 3240 quae
788 3154 896 3214 mansit
915 3153 948 3212 in
970 3172 1074 3226 annos,

297 3259 392 3342 Seque
412 3257 494 3318 dolet
513 3259 588 3319 vitae
608 3281 692 3318 nunc
713 3279 859 3341 superesse
880 3277 973 3316 meae.
998 3333 1001 3340 1
1042 3257 1044 3262 ’

255 3365 316 3426 lloo
336 3363 451 3424 faciunt
471 3362 573 3424 dulces
594 3363 765 3423 communia
785 3363 911 3445 pignora
931 3365 1043 3435 natae,'
1151 3417 1153 3424 ,

296 3469 368 3529 Octo
388 3467 525 3552 quidem,
548 3468 571 3529 si
591 3489 655 3528 non
674 3489 742 3549 pars
761 3467 908 3527 tumulata
929 3467 1013 3528 soret.

253 3577 334 3658 Quot
353 3582 510 3656 superent,
533 3572 673 3656 quaeris?
692 3572 780 3655 primi
801 3570 861 3632 duo
881 3571 1008 3655 pignora
1031 3571 1099 3631 lecti
1109 3593 1118 3647 ;

299 3676 403 3760 Adjice
424 3699 492 3754 sex,
515 3679 629 3760 peperit
650 3699 722 3760 quas
742 3675 872 3738 Ariadna
892 3677 977 3739 mihi.

255 3785 334 3860 Quas
354 3803 409 3864 ego
425 3803 510 3842 nunc
528 3781 630 3844 videor
651 3783 852 3866 nequicquam
872 3783 967 3844 multa
990 3789 1145 3862 precantes

296 3885 503 3958 Insatiabiliter
524 3889 563 3948 ad
582 3909 647 3948 mea
666 3887 751 3949 busta
775 3889 875 3971 queri:
959 3931 960 3934 η
