2946 5002
496 1272 651 1376 Pars
687 1273 789 1376 ΙΙ.

350 1607 389 1656 DE
407 1607 527 1656 MERITIS
545 1607 714 1656 LITERARIIS
732 1608 824 1656 HADR.
843 1610 931 1659 JUNH.

559 1914 728 1942 -n--u

195 2199 449 2291 Investigaturus
476 2199 512 2264 in
538 2200 602 2266 hac
634 2199 733 2266 altori
763 2185 1130 2289 parte,qi1oefuerint

148 2314 267 2381 merito
290 2312 431 2380 literaria
454 2311 553 2378 Hadr.
580 2309 691 2391 Junii,
714 2310 798 2376 mihi
827 2315 981 2402 proposui
1010 2318 1127 2406 scripta

148 2429 235 2516 ejus,
269 2447 353 2514 quae
388 2435 560 2516 supersunt
593 2422 752 2514 plurima,
786 2447 977 2491 enumerare
998 2425 1127 2519 singula

146 2561 274 2626 eaque,
305 2549 467 2626 quantum
486 2558 636 2625 possum,
654 2535 795 2604 breviter
822 2558 999 2605 recensere.

193 2651 285 2720 Vixit
306 2650 405 2742 liade.
429 2649 545 2715 Junius
565 2671 604 2716 eo
625 2661 794 2738 tempore,
818 2669 906 2738 quo,
932 2653 1128 2720 renascenti-

148 2764 210 2831 bus
232 2762 403 2853 paullatim
426 2760 540 2846 literis,
563 2761 693 2850 egregio
726 2774 795 2828 erat
819 2761 860 2829 de
887 2762 926 2828 iis
951 2763 1036 2833 bene
1056 2788 1128 2832 me·

149 2876 245 2944 rendi
282 2874 530 2966 opportunitas3
563 2896 662 2964 quam
698 2875 900 2942 occasionem
941 2877 1023 2946 adeo
1060 2901 1129 2946 nou

150 2988 312 3080 neglexit,
330 3000 367 3053 ut
382 2988 425 3054 ad
453 2986 619 3054 literarum
640 2985 747 3052 studia
768 2986 804 3056 in
829 2988 934 3077 patrie
960 2992 1068 3058 nostre
1096 3005 1130 3058 et

151 3103 321 3171 excitanda
330 3115 363 3170 ct
373 3100 487 3168 alenda
501 3102 539 3167 ca
554 3111 659 3166 aetate
671 3121 736 3166 non
751 3099 833 3166 alius
847 3100 1022 3189 quisquam
1032 3102 1129 3191 plura

110 3293 113 3301 ,
155 3215 340 3284 contulerit.
359 3216 476 3304 Opera,
488 3236 572 3301 quae
587 3213 758 3280 innumero
774 3211 843 3278 fere
854 3213 998 3300 reliquit,
1008 3219 1129 3303 magne

152 3328 338 3396 eruditione
355 3322 524 3426 mustoque
553 3325 664 3393 labore
685 3337 761 3391 sunt
781 3324 956 3413 composita
982 3339 1015 3392 et
1039 3328 1129 3418 quod

137 3442 273 3508 'mirum
297 3453 364 3524 est,
387 3462 486 3528 quam
509 3439 651 3505 maxime
672 3451 749 3504 sunt
772 3437 914 3524 diverso,
938 3453 977 3505 ut
997 3440 1039 3506 ab
1062 3433 1128 3509 uno

152 3555 332 3642 eodemque
363 3551 499 3620 homine
527 3574 565 3618 ea
594 3549 737 3641 profecta
767 3573 852 3631 esse,
882 3550 935 3617 vix
953 3553 954 3562 ’
972 3553 1128 3620 credibile

153 3667 310 3735 videatur.
355 3665 456 3735 Varia
480 3685 623 3753 nemque
646 3675 715 3732 erat
737 3662 773 3729 in
796 3663 893 3732 Junio
915 3687 1020 3754 eaque
1043 3665 1128 3730 mul-

153 3779 254 3869 tiplex
284 3779 451 3862 doctrina,
487 3801 572 3869 quae
595 3777 818 3867 cum·judicio
848 3778 1032 3848 acutissimo
1055 3802 1129 3846 oon·

148 3895 262 3982 juncta
299 3891 378 3961 erat.
425 3894 509 3962 Telis
546 3905 579 3960 et
611 3904 721 3960 tantus
750 3915 825 3959 cum
849 3892 897 3958 vir
923 3904 1021 3978 esset,
1052 3913 1127 3958 vere
