2946 5002
1205 333 1217 366 t

403 431 427 476 0
814 369 855 432 ot

434 549 468 610 Et
486 559 587 609 tamen
606 547 656 610 hic
676 550 818 612 Dominus
828 595 837 626 ‚
859 551 958 611 Frater
978 549 1060 631 cupit
1079 548 1130 609 ille
1149 547 1259 623 vocarI,

475 652 624 714 sorbonae
645 651 693 712 hic
713 673 843 729 nomen,
864 655 984 715 Lorenii
1003 655 1055 716 iste
1075 665 1165 714 tenet.

433 759 507 820 Ecce
526 757 600 818 alius
622 779 715 841 quos,
736 779 772 832 o,
792 757 911 833 titulos,
932 779 1009 841 quae
1028 758 1155 841 insignia
1173 755 1293 839 pandit,

370 929 376 938 ,
471 863 523 924 llic
543 863 732 938 honoratus,
753 862 804 922 ille
823 863 1000 946 llagisterii'l
1042 916 1047 926 .

430 967 507 1027 llaec
527 967 609 1050 vulgi
629 967 726 1028 studia
736 1013 745 1043 ‚
766 965 798 1028 hi
819 989 932 1044 mores,
953 979 1112 1054 postquam
1133 987 1227 1052 sapere
1246 961 1314 1025 orbi

470 1071 543 1132 Cum
562 1072 670 1134 Tutulo
680 1117 689 1147 ,
711 1084 741 1134 et
759 1073 868 1133 Bracod
887 1075 968 1136 venit
987 1074 1158 1136 Aristotelis.
1233 1083 1236 1090 ’

428 1178 467 1238 At
486 1198 552 1238 mea
571 1178 702 1241 bullatos
722 1199 837 1261 semper
858 1180 1035 1261 contempsit
1052 1178 1181 1240 honores

469 1285 559 1346 Fama
569 1328 578 1359 ‚
599 1305 657 1345 nec
676 1282 733 1345 hac
754 1305 889 1368 unquam
908 1283 1017 1344 nobilis
1037 1294 1099 1344 arte
1117 1283 1173 1342 sui.

429 1389 567 1464 Quamvis
585 1389 717 1466 hectoris
738 1389 825 1450 titulo
846 1386 994 1450 demiserit
1013 1397 1135 1448 auctum

468 1494 610 1575 Usurpata
634 1493 706 1554 olim
726 1505 802 1554 terra
822 1495 925 1554 Latine
946 1491 1028 1554 mihi.

431 1596 513 1656 Tunc
534 1618 605 1658 cum
624 1599 758 1660 llomane
777 1598 920 1660 Batavum
940 1598 1044 1658 musta
1062 1596 1235 1680 loquentem

468 1701 583 1762 Felsina
603 1723 651 1764 me
672 1704 770 1765 civem
787 1701 911 1763 eredidit
931 1724 990 1762 esse
1011 1723 1117 1762 suum:

428 1805 524 1889 Atque
545 1807 627 1867 aliud
638 1853 647 1882 ,
669 1807 763 1884 dixit,
785 1807 857 1868 luni
876 1806 931 1867 tibi
950 1827 1059 1890 quaere
1079 1805 1242 1886 theatrum:

468 1912 543 1972 Nam
562 1921 591 1970 te
612 1910 690 1971 ultro
710 1909 798 1970 tellus
818 1933 882 1971 non
902 1913 984 1993 capit
1001 1913 1158 1973 Ausoniae.

428 2016 466 2075 At
485 2035 536 2075 vos
559 2015 577 2075 ὂ
597 2015 697 2076 Batavi
712 2018 810 2100 justos
829 2037 914 2076 nunc
935 2016 1039 2077 sumite
1060 2015 1169 2077 festus:

466 2119 584 2180 Scilicet
602 2117 652 2180 bic
672 2119 754 2180 vobis
774 2119 847 2181 alter
866 2121 1001 2181 Erasmus
1021 2121 1086 2180 erit.

352 2281 356 2290 ,
428 2226 502 2287 hinc
521 2227 613 2287 varias
635 2217 728 2288 terrae
747 2213 844 2310 partes
864 2211 1051 2288 lustravimus
1071 2226 1169 2302 orbis,

441 2350 443 2354 ’
468 2331 571 2396 offecit
591 2334 692 2395 studiis
712 2357 770 2395 nec
789 2335 836 2394 ria
856 2334 948 2416 longa
968 2335 1050 2394 meis.

360 2484 362 2488 -
417 2433 559 2500 vllidimus
580 2437 609 2500 et
629 2459 724 2500 mores
744 2438 923 2513 hominum,
945 2449 974 2499 et
989 2459 1058 2498 cum
1071 2435 1204 2500 moribus
1217 2437 1312 2514 urbes,

465 2544 612 2626 Nullaque
632 2565 696 2604 non
717 2543 797 2626 regio
817 2543 913 2625 patria
932 2542 992 2602 visa
1012 2539 1095 2602 mihi.

425 2649 473 2708 An
493 2649 588 2731 patria
608 2658 670 2724 est,
691 2647 865 2730 ubicunqne
884 2647 962 2708 bene
976 2649 1040 2708 esti
1055 2648 1173 2730 excepit
1192 2659 1311 2710 euntem

466 2752 619 2829 Quaelibet
637 2752 770 2834 hospitiis
790 2763 866 2813 terra
886 2751 1013 2834 superba
1032 2755 1113 2814 meis.

424 2858 466 2918 lle
483 2855 656 2924 Rhodanus.
679 2878 726 2916 me
743 2857 854 2918 Suevus
870 2877 961 2916 ovans
982 2859 1148 2940 conspexit,
1168 2869 1199 2919 et
1214 2858 1311 2934 Albis,

465 2941 581 3023 Gratior
601 2971 630 3021 et
650 2959 751 3022 multis
772 2961 887 3022 advena
907 2963 969 3024 cive
990 2961 1043 3022 sui.

424 3070 470 3130 Sic
490 3067 581 3127 etiam
602 3067 739 3126 extremis
759 3066 939 3127 medicinam
958 3065 1082 3128 fecimus
1102 3068 1217 3150 Anglis.

462 3174 498 3234 Et
516 3171 614 3258 morbi
635 3172 756 3254 agnovit
775 3171 884 3232 Albion
904 3171 1064 3255 artificem.

369 3273 370 3276 ¹
420 3283 498 3364 Rege
520 3279 575 3340 sub
596 3279 722 3340 llenrico
742 3277 891 3360 primum,
913 3299 985 3338 mox
1004 3277 1109 3339 functo
1132 3280 1223 3340 etiam
1238 3280 1309 3355 illo,

461 3387 604 3466 Tempore
625 3403 686 3465 quo
704 3381 836 3443 Themesi
853 3385 924 3464 jura
943 3381 1077 3442 Edoarde
1098 3381 1200 3443 dabas.

307 3564 311 3571 Ι
421 3490 456 3548 Et
475 3487 536 3570 qual
555 3491 727 3568 tempestate
748 3484 831 3547 noris
852 3495 955 3546 auctus
974 3484 1149 3568 hymenaeis

462 3588 592 3649 Londini
612 3601 753 3673 exceptus
775 3592 839 3652 Rex
855 3589 922 3651 Iber
941 3591 1069 3673 hospitio
1089 3602 1146 3652 est:

421 3695 457 3755 Et
477 3693 585 3753 meruit
603 3694 687 3774 regni
708 3705 857 3777 sceptrum
880 3695 979 3758 dotale
999 3695 1143 3758 Britanni.

462 3797 528 3876 (liei
547 3795 620 3858 mihi
641 3819 732 3882 quam,
752 3800 850 3883 dispar
872 3801 943 3863 huic
963 3801 1090 3864 Domina
1109 3803 1161 3864 ille
1180 3803 1266 3883 fuist)

420 3903 477 3963 llos
500 3913 599 3963 temen
621 3901 659 3962 ad
680 3903 765 3964 festos
787 3905 993 3987 Hymenaeum
1015 3907 1157 3970 duximus
1176 3909 1260 3990 ignes
1292 3950 1294 3954 -
1324 3889 1329 3894 ’
