2930 4996
810 297 829 354 8

332 477 426 548 rebat
445 477 607 568 originem
630 475 672 542 ch
692 488 792 566 gente
812 473 930 556 lunii,
954 475 1163 544 noshstihns
1178 477 1218 542 de
1236 476 1318 544 loss·

328 615 392 684 ge,
416 587 533 658 illustri
555 601 589 656 et
609 586 755 678 antiqui.

377 706 470 772 Pater
497 701 561 768 fuit
589 703 701 770 Petrus
721 700 837 770 lunius
858 700 980 769 oirimti
1008 705 1192 770 lior-nanae
1216 699 1278 766 diu
1302 723 1320 765 a

333 827 488 911 Secrctis,
508 847 574 916 quo
597 847 733 897 munere
754 847 829 894 cum
852 849 886 894 se
906 825 1116 908 abdicasset,
1141 823 1325 915 quinquies

333 943 553 1030 magstrum
581 937 678 1008 laude
703 938 903 1008 consulatum
937 937 1062 1006 ihidsn
1097 937 1217 1030 gessit.
1262 933 1325 1005 Vir

334 1063 418 1135 erat,
454 1061 491 1118 ut
523 1049 623 1142 ipsius
653 1050 715 1118 filii
747 1049 904 1118 Hadriani
933 1049 975 1118 de
997 1063 1093 1141 patre
1127 1045 1327 1118 testimonio

334 1175 424 1248 utar,
451 1161 592 1231 »eximii
625 1163 661 1230 in
691 1161 787 1230 rebus
809 1161 949 1253 agundis
975 1162 1180 1253 prudentia,
1206 1158 1326 1226 multi-

334 1274 434 1367 »plici
457 1275 664 1344 historiarum
686 1273 890 1366 cognitione,
915 1274 1109 1343 admirandi
1135 1271 1323 1356 facundia,

335 1389 547 1458 »inexhausti
571 1386 748 1468 memorii,
771 1387 854 1455 nulli
875 1388 1034 1456 secundus
1064 1389 1128 1479 (1);
1169 1409 1244 1476 quo
1263 1407 1326 1452 no-

336 1501 425 1570 minc
452 1499 637 1589 frequentes
660 1497 839 1590 legationes
871 1523 946 1568 cum
974 1501 1062 1592 apud
1082 1500 1221 1568 Daniac
1251 1511 1323 1564 tum

336 1613 424 1706 apud
444 1611 574 1680 Sueciac
592 1632 704 1702 regem
718 1611 861 1700 aliosque
878 1612 1043 1702 Principes
1060 1611 1184 1682 obivit.
1210 1609 1325 1698 Scrip-

337 1726 379 1794 sit
403 1725 523 1792 lihrum
542 1725 578 1791 in
599 1746 665 1813 quo
682 1727 907 1792 Rornanorum
920 1747 970 1792 rcs
990 1725 1228 1796 memorabiles
1242 1723 1323 1788 hre-

337 1837 420 1902 ritcr
442 1835 610 1925 exposuit,
628 1837 716 1926 quod
734 1848 844 1906 tamen
863 1860 943 1928 opos
958 1861 1130 1928 nunquam
1150 1840 1191 1907 in
1214 1836 1324 1904 lucem

339 1945 466 2016 editum
483 1945 582 2018 fuisse
599 1947 729 2017 ridetur
752 1949 764 2040 (
783 1948 807 2040 ).

341 2154 448 2222 squidem
464 2165 553 2222 statuo,
573 2155 603 2206 Η.
624 2156 721 2206 lunium
738 2167 818 2206 netum
834 2172 880 2206 esse
895 2169 954 2206 anuo
966 2157 1244 2224 lhlt,alsentientihns
1254 2151 1323 2204 Velio

340 2246 425 2300 Chron.
452 2249 525 2300 Horu.
548 2251 573 2300 t.
598 2251 623 2298 θ.
648 2248 737 2316 pret
762 2259 786 2298 st
809 2250 835 2298 1..
863 2251 887 2298 h.
916 2266 941 2315 p.
959 2251 1018 2299 0³7.
1037 2259 1107 2316 atque
1123 2252 1235 2300 Auctore
1259 2245 1322 2294 vitse

343 2341 456 2410 Epistolis
480 2345 622 2412 praemisse.
665 2344 723 2392 Sunt
741 2341 861 2406 nonnulli,
886 2343 928 2408 qni
944 2342 1041 2392 lunium
1063 2359 1123 2392 anno
1146 2343 1220 2392 1618
1241 2345 1323 2386 nstnn

341 2450 388 2484 ssss
406 2445 527 2500 statuunt,
549 2444 576 2484 ot
603 2434 687 2484 lloreri
709 2442 734 2480 et
758 2432 873 2501 Alamos,
899 2450 998 2500 qnorum
1027 2451 1090 2482 error
1118 2434 1265 2484 milatus
1280 2433 1324 2474 est·

342 2525 388 2594 (Gi.
423 2529 452 2576 G.
491 2527 606 2576 llosrman
629 2526 653 2572 in
684 2524 751 2586 orig.
773 2525 831 2589 Typ.
861 2525 887 2574 G.
911 2525 936 2573 4.
963 2540 988 2590 p.
1015 2525 1050 2574 72
1069 2525 1094 2573 in
1119 2523 1184 2594 not.)
1222 2523 1321 2572 ursum

341 2618 389 2666 init
407 2615 470 2680 quod
489 2616 586 2680 cognovi
603 2631 631 2662 ex
656 2611 873 2665 innotuimus.
891 2615 1008 2665 advitam
1034 2625 1059 2666 et
1083 2619 1169 2683 scripta
1195 2619 1229 2667 ll.
1256 2609 1324 2662 iunii

341 2706 394 2754 Viri
419 2705 511 2754 clariss.
535 2704 564 2754 ‹le
591 2705 676 2771 Graue,
703 2705 778 2754 virum
802 2704 957 2756 doctissimum
980 2707 1047 2757 illum
1070 2725 1159 2759 mecum
1173 2711 1204 2760 in
1224 2703 1322 2756 eandem

341 2798 479 2846 sententium
497 2796 613 2849 secedere.

376 2885 414 2957 (1)
432 2890 468 2940 Gi.
489 2890 639 2958 Epitaphium
654 2892 718 2940 Petri
736 2892 802 2940 Jnnii
818 2891 880 2958 sputl
902 2891 1003 2942 Velium.
1025 2893 1049 2942 l..
1069 2895 1099 2958 ὃ,
1116 2909 1140 2960 p.
1155 2895 1219 2946 087.

377 2979 415 3052 (Β)
433 2983 470 3033 Gi.
490 2983 571 3034 Velius
591 2986 616 3034 t.
637 2985 674 3050 V,
695 3001 719 3050 p.
743 2985 802 3032 oto.
823 2985 869 3033 Vix
885 2983 986 3050 dubito,
1006 2987 1064 3050 quin
1080 2983 1141 3050 spurl
1155 2986 1255 3035 Valinm
1264 2979 1321 3040 1..t‚

341 3095 366 3144 p.
388 3077 423 3126 06
442 3085 466 3126 et
486 3078 512 3126 L.
535 3076 574 3141 V,
600 3093 624 3143 p.
648 3077 716 3141 636,
737 3075 766 3124 ‹le
789 3076 868 3124 eorlem
888 3075 969 3124 libello
988 3094 1061 3125 sermo
1080 3078 1112 3124 sit
1127 3079 1224 3126 sPetro
1248 3071 1320 3123 Junio

343 3169 438 3238 quidem
460 3170 596 3236 conscripto.
632 3169 720 3218 Errasse
749 3169 822 3231 igitur
842 3167 900 3216 mihi
919 3167 1012 3216 videtur
1031 3167 1060 3217 ah
1080 3169 1107 3222 0.
1126 3167 1155 3217 (le
1177 3170 1262 3236 Bmyn
1287 3160 1321 3210 di·

343 3279 410 3326 cens,
431 3261 491 3311 illud
514 3261 655 3312 chronichon
675 3269 823 3310 memoratum
841 3260 866 3308 L.
889 3259 917 3324 1,
937 3277 961 3325 p.
980 3261 1030 3323 96,
1050 3259 1086 3307 ah'
1099 3259 1216 3308 Hadriano
1240 3264 1318 3306 nostro

343 3354 455 3416 scriptum
474 3367 539 3417 esse,
559 3371 629 3419 quem
645 3356 670 3402 in
682 3369 781 3402 errorem
797 3349 864 3398 crerlo
875 3352 952 3399 virum
963 3351 1072 3399 eriditum
1088 3349 1176 3417 lapsum
1184 3367 1242 3416 esse,
1255 3341 1318 3414 (1110‘1

344 3441 431 3490 dixerit
453 3441 548 3506 Velius,
583 3443 626 3490 hoc
651 3444 774 3492 chronicon
799 3457 845 3491 csse
876 3445 986 3508 scriptum
1016 3452 1068 3490 ante
1096 3444 1214 3506 sexaginta
1246 3450 1317 3490 annot

345 3537 387 3584 ool
402 3535 491 3601 prius,
515 3549 543 3580 ex
562 3532 648 3599 quihus
664 3535 741 3590 verbis
758 3535 843 3585 additis
858 3535 950 3602 liquet,
970 3551 1055 3584 annum
1070 3552 1117 3584 non
1134 3537 1189 3584 satis
1203 3543 1316 3584 constsre=

346 3643 419 3692 quum
443 3634 563 3692 praetcrea
585 3625 699 3679 incertum
717 3629 764 3691 sit,
792 3645 838 3706 spuo
855 3645 913 3677 anno
935 3627 991 3676 haec
1013 3629 1129 3693 scripserit
1151 3627 1249 3692 Velius,
1270 3637 1315 3672 nott

346 3717 414 3768 virlso
437 3735 478 3768 our
500 3716 659 3782 abjudicemus
681 3717 804 3768 chronicon
829 3720 889 3769 illud
903 3721 972 3768 Petro
986 3729 1010 3767 et
1031 3717 1248 3785 potiustribuamns
1269 3713 1317 3764 Ht-

347 3809 441 3877 drisno,
459 3827 529 3877 quem
542 3812 692 3876 composuisse
706 3809 812 3859 libellum
820 3810 849 3860 ‹le
860 3811 1017 3859 llornanorum
1030 3809 1098 3859 rebus
1114 3826 1189 3875 neque
1206 3827 1235 3858 ex
1244 3805 1317 3879 'Epis-

347 3901 410 3971 totis,
430 3919 487 3970 quas
504 3901 630 3969 permultas
647 3902 760 3969 reliquit,
781 3919 856 3970 nsque
873 3919 901 3951 ex
917 3901 1014 3968 reliquis
1030 3902 1080 3966 ejus
1098 3903 1189 3967 scriptis
1202 3903 1305 3966 apparei-
