2946 5002
833 374 874 436 60

363 533 396 602 id
429 536 519 624 quod
544 538 633 608 brevi
654 542 726 630 fiet,
750 536 1007 621 communicabis
1030 577 1105 622 cum
1132 555 1225 626 Petro
1252 560 1331 682 blat-

362 639 465 712 thiolo
498 650 651 734 Senensi,
679 654 712 721 in
744 680 778 724 re
811 659 961 729 herbaria
996 666 1206 756 Coryphaeo‚
1240 671 1330 734 Prin-

360 751 486 842 cipibus
506 759 569 828 tuis
593 763 836 857 addictissimo,
861 775 951 862 quod
970 775 1019 844 illi
1046 800 1120 845 cum
1145 779 1236 848 omni
1265 793 1329 846 stu·

359 863 524 936 diocorum
545 889 643 963 gente
667 882 846 968 plurimum
869 908 922 954 me
946 889 1067 958 debere
1091 890 1196 958 libens
1216 915 1332 1017 agnos·

359 998 449 1064 cam,
482 994 638 1076 tantoque
668 994 774 1086 magis
807 997 898 1085 quod
927 999 964 1066 in
992 1001 1059 1068 suis
1093 1003 1149 1072 ille
1180 1005 1331 1095 Epistobs

358 1089 523 1160 cervinum
541 1095 682 1190 fungum
704 1108 882 1194 posteritati
902 1112 1107 1203 descripserit
1131 1118 1212 1206 (1).”

410 1319 535 1388 Nemus
554 1323 750 1397 Marcellus.
771 1333 834 1422 (lu
845 1343 1039 1429 proprilale
1054 1341 1272 1433 Sermonum.)

399 1542 472 1606 lam
500 1557 576 1614 ante
599 1551 733 1620 Junium
756 1555 816 1623 viri
838 1558 925 1629 docti
949 1563 1056 1633 Nonio
1085 1569 1233 1637 Marcello
1261 1592 1330 1636 res-

295 1672 299 1679 ·
355 1648 504 1722 tituendo
526 1679 659 1746 operam
681 1682 835 1737 navarent
848 1671 910 1763 (2):
939 1676 998 1763 qui
1025 1678 1085 1744 etsi
1109 1681 1213 1748 multa
1232 1704 1326 1771 prae·

355 1759 515 1846 stiterint,
534 1767 625 1856 plura
646 1786 753 1845 tamen
768 1780 804 1847 in
820 1805 933 1852 eorum
946 1787 1148 1859 editionibus
1166 1792 1327 1860 desidera·

351 1869 491 1958 bantur,
520 1890 557 1943 ut
587 1881 681 1952 enixe
716 1891 813 1960 amici
846 1896 982 1965 Junium
1012 1917 1189 1992 rogarent,
1223 1906 1324 1974 Nonio

354 1980 489 2068 gloriam
513 1988 706 2064 restitueret.
753 2005 898 2086 Quorum
911 2003 1070 2099 ¹precibus
1090 2017 1194 2083 victus
1219 2039 1323 2106 neque

353 2086 423 2158 sine
452 2097 668 2173 aemulatione
705 2110 795 2182 bunc
824 2120 1014 2210 scriptorem
1046 2128 1321 2218 corruptissimum

352 2204 525 2274 emendare
549 2234 719 2304 aggressus
745 2237 793 2292 est
814 2228 872 2320 (3).

395 2315 485 2400 Quae
511 2343 561 2390 res
591 2326 732 2401 feliciter
760 2337 790 2404 ei
812 2343 928 2424 cessit,
951 2371 1030 2414 nam
1053 2351 1118 2420 bac
1137 2356 1208 2445 ejus
1229 2358 1320 2446 operi

349 2422 421 2512 plus
440 2427 520 2498 lucis
536 2437 640 2508 Nonio
660 2449 801 2534 accessit,
820 2474 921 2540 quam
937 2461 1089 2528 omnium
1110 2463 1222 2535 labore
1235 2481 1321 2557 quot·

349 2551 429 2624 quot
463 2555 539 2612 ante
566 2571 641 2618 eum
674 2578 734 2644 per
765 2574 896 2632 centum
929 2592 1033 2640 annos
1059 2576 1225 2646 medicam
1248 2579 1320 2647 huic

350 2651 471 2719 auctori
502 2678 634 2728 manum
662 2666 883 2742 admoverant.
929 2683 1001 2770 Ope
1032 2689 1320 2761 vetustissimorum

230 2727 233 2734 ’
349 2758 498 2830 codicum
518 2766 674 2842 inumeris
691 2801 766 2848 eum
789 2784 865 2854 locis
888 2792 1034 2863 restituit
1048 2811 1082 2865 et
1096 2799 1318 2893 locupletavit.

226 2855 228 2864 ’
391 2871 476 2942 Exiit
497 2879 618 2950 Nonius
641 2889 807 2962 Marcellus
824 2901 918 2968 Anu.
946 2928 977 2970 a.
1003 2913 1086 2978 1565
1107 2915 1199 3002 apud
1219 2917 1319 2984 Plant.

348 2976 382 3044 in
406 2987 439 3048 8⁰
461 2986 626 3062 dedicatus
645 3001 835 3100 Imperatori
855 3015 1074 3114 maximiliano
1095 3025 1127 3090 11
1149 3026 1210 3116 (4).
1250 3030 1318 3096 Ad-

348 3088 433 3162 ditus
455 3111 503 3166 est
527 3099 688 3194 inculca,

415 3271 611 3364 Fulgentius
635 3285 814 3363 Placabda·
842 3300 904 3391 (aa
923 3304 1047 3376 Prisco
1073 3271 1247 3406 seraracne.)⁴
1299 3337 1301 3344 “

390 3440 452 3522 Qui
477 3443 604 3523 libellus
628 3461 678 3530 bis
698 3479 786 3538 terve
811 3482 1053 3570 corruptissime
1074 3511 1213 3566 excusus
1238 3510 1314 3564 erat.

380 3559 417 3632 (¹)
435 3567 472 3618 05·
490 3568 519 3620 1¹0
535 3575 623 3634 thalla·
642 3587 730 3646 cnon.
750 3601 886 3656 ufarassu
904 3608 937 3660 u.
958 3614 1017 3668 aaa
1035 3617 1073 3666 ea.
1093 3618 1252 3678 taureas.
1270 3627 1317 3674 nac

345 3663 433 3716 speetu
451 3659 519 3712 etiam
535 3663 611 3720 Pballi
626 3673 748 3748 tleuriptio
766 3691 882 3758 Epistolis,
900 3716 915 3764 p

380 3743 589 3812 OEOEMQ

378 3835 417 3902 (d)
435 3841 470 3892 Cl.
490 3843 531 3912 Ep.
551 3845 573 3896 l.
594 3851 712 3906 Sambana.
730 3877 754 3926 p.
771 3869 828 3920 ⁴11.

378 3925 413 3994 (4)
432 3932 466 3982 (il.
486 3935 591 3990 Niceros.
611 3953 628 3994 t.
647 3947 669 3996 t.
688 3964 711 4014 p.
729 3954 785 4005 404.

917 3736 923 3748 .
943 3705 1002 3755 4ΙῚ.
1020 3709 1115 3766 inserta.
