2946 5002
556 345 704 404 '59

189 561 429 662 'Cornuccpiae
444 576 511 637 soce
524 571 701 637 uastauit·
714 577 749 635 in
771 571 950 640 Homerum
973 587 1169 644 commenta-

494 689 619 751 riorum
643 685 875 775 compendium.

242 860 427 928 Eustathius
454 861 744 951 Archi-Episcopus
775 861 1064 934 Thessalonicensis
1101 889 1171 934 sae-

192 973 269 1042 culo
315 980 381 1040 12⁰.
429 972 465 1038 in
500 977 677 1040 Homerum
719 973 846 1063 scripsit
894 977 1170 1045 commentarium

192 1083 471 1170 eruditissimum,
494 1085 552 1174 qui
574 1089 698 1154 Romae
722 1086 867 1176 primum
888 1111 918 1154 a.
946 1095 1040 1156 1550.
1067 1098 1085 1156 lt
1108 1091 1172 1160 vol.

192 1197 330 1286 prodiit.

240 1311 344 1400 Hujus
359 1309 466 1402 operis
482 1311 655 1400 Epitomen
667 1301 735 1377 ἐιὼ
749 1309 845 1378 titulo
860 1314 966 1379 Cornu
977 1313 1089 1402 copiae
1105 1315 1172 1382 sive

192 1422 316 1491 Oceani
336 1422 579 1492 enarrationum
596 1422 840 1502 Homericamm
854 1446 893 1490 ex
911 1424 1069 1491 Eustathii
1084 1447 1172 1493 com·

192 1535 363 1604 menteriis
383 1534 566 1626 composuit
587 1534 720 1620 iunius,
737 1558 874 1625 eamque
898 1537 1065 1605 Joachimo
1082 1541 1172 1628 Hop-

192 1669 274 1737 pero
304 1648 516 1732 destinatam,
544 1647 613 1715 sine
644 1633 868 1737 praefatione,
893 1672 978 1739 quae
1002 1672 1068 1718 non
1093 1651 1170 1717 red—

164 1760 262 1827 ‘dita
292 1759 328 1827 in
360 1774 508 1850 tempore
541 1773 610 1828 erat
646 1760 712 1851 (1),
748 1760 853 1828 edidit
883 1761 981 1829 Besil.
1014 1785 1043 1828 a.
1085 1770 1169 1830 1558
1227 1757 1232 1765 ’

190 1873 281 1965 typis
305 1873 515 1941 Frobenianis
538 1873 573 1940 in
593 1873 650 1941 fol.

238 1970 313 2054 Hoc'
336 1989 443 2054 Cornu
475 1986 585 2076 copiae
621 1985 749 2055 edendo
781 1986 817 2054 id
849 1987 919 2078 egit
940 1988 1078 2074 Junius,
1105 2011 1169 2074 ne,

191 2100 314 2190 quibus
343 2100 480 2168 facultas
511 2101 552 2166 ad
576 2113 683 2168 totum
708 2123 810 2190 opus,
838 2113 951 2190 utpote
970 2101 1171 2190 pretiosum,

193 2213 411 2280 coemendum
440 2214 585 2297 deesset,
618 2212 642 2277 ii
671 2213 985 2281 Commentariorum
1009 2213 1170 2279 Eustathii

193 2347 255 2390 usu
277 2325 494 2414 privarentur.

401 2577 544 2644 Phallas
564 2599 605 2642 ex
626 2579 811 2676 fungorum
827 2599 958 2666 genere.

237 2779 344 2847 Phalli
374 2778 545 2846 historiam
574 2790 607 2845 et
634 2777 885 2867 descriptionem
913 2800 988 2844 cum
1019 2778 1166 2846 iconibus

192 2890 476 2983 praestantissimis
498 2889 603 2957 edidit
625 2889 758 2980 Delphis
779 2913 809 2955 u.
836 2895 932 2958 1564.
952 2890 1041 2979 apud
1054 2895 1164 2959 Herm.

192 3003 437 3073 Schinckelium
466 3003 502 3069 in
527 3009 561 3068 4⁰
583 3003 640 3094 (2).
675 3001 881 3092 Nuncupavit
906 3002 997 3069 hunc
1017 3001 1165 3069 libellum

192 3123 222 3185 J.
256 3116 415 3184 Sambuco
442 3115 627 3200 Pannonio,
656 3114 708 3181 cui
732 3113 860 3205 scripsit
881 3113 937 3206 (3).
973 3113 1077 3180 »Dedi
1102 3114 1166 3181 hoc

193 3231 264 3322 ipso
283 3230 339 3299 die
362 3229 512 3297 libellum
537 3229 579 3295 de
598 3228 731 3312 Phallo,
751 3225 885 3316 fungini
907 3225 1043 3313 quidem
1063 3248 1166 3315 gene-

192 3344 256 3430 ris,
279 3343 335 3413 sed
355 3365 514 3434 nusquam
532 3340 595 3440 nisi
620 3340 655 3407 in
681 3337 871 3407 Hollandiae
894 3337 1166 3417 nostraesabule-

192 3457 235 3524 tis
264 3468 416 3524 nascente
445 3454 613 3546 germine,
643 3451 788 3524 oratione
813 3463 847 3520 et
871 3450 975 3520 soluto
1006 3463 1039 3518 et
1061 3450 1164 3542 ligato

193 3583 338 3655 textum,
380 3591 498 3659 quem,
532 3566 590 3634 ubi
617 3564 760 3655 primurn
784 3564 942 3653 prodierit
972 3564 1007 3632 in
1035 3565 1163 3645 lucem,
1260 3577 1266 3590 ·

228 3743 266 3811 (t)
284 3745 320 3793 Cf.
341 3746 383 3809 Epa
396 3743 507 3792 Vulcacio
525 3760 547 3806 p.
569 3743 627 3789 180.

228 3836 267 3904 (Β)
284 3836 382 3886 Videtur
400 3835 477 3884 Editio
494 3851 543 3900 rep.
563 3832 645 3882 Lcida'e
664 3834 728 3882 1601
748 3833 772 3880 in
789 3832 825 3879 ⁴1⁰.

228 3927 265 3996 (3)
284 3931 326 3995 Ep.
345 3928 391 3977 tls.
