2930 4996
788 385 829 446 3ss

314 569 471 638 sustinere
493 579 527 634 et
550 563 634 632 tueri
656 563 764 654 potuit
781 563 836 654 (llz
863 563 1014 652 quocirca
1039 588 1106 635 non
1130 569 1285 656 estquod

313 683 487 765 miremur,
519 699 595 746 eum
626 675 724 744 simul
757 675 876 744 eximit
899 690 971 746 tum
992 677 1147 748 historiae
1173 681 1285 748 veteris

313 809 383 862 tum
420 790 654 880 antiquitatum
688 787 806 880 peritii
831 789 1030 862 excelluisse.
1076 795 1186 882 Neque
1212 817 1287 862 vero

314 907 424 974 minus
443 905 479 972 in
501 900 673 972 recentiori
695 901 831 970 historia
854 925 953 992 quam
974 904 1010 975 in
1029 904 1130 974 veteri
1146 919 1288 976 versatus

315 1031 406 1103 erat,
430 1017 520 1107 cujus
544 1015 592 1084 rei
616 1014 704 1084 varia
726 1015 912 1084 testimonia
938 1029 1080 1085 exstant·

359 1133 483 1200 Verum
506 1126 591 1196 mihi
612 1149 682 1194 non
704 1127 859 1217 proposui
880 1128 943 1198 hoc
964 1129 1036 1198 loco
1057 1153 1155 1220 agere
1167 1131 1208 1198 de
1220 1132 1290 1221 ejus

315 1243 489 1336 operibus,
520 1263 606 1331 quae
642 1238 727 1308 iufra
759 1239 999 1312 recensebimus
1034 1240 1177 1333 singula.
1223 1247 1290 1312 Hoc

316 1381 419 1429 unum
444 1377 577 1424 monere
607 1351 721 1435 lubet,
741 1375 818 1422 eum
843 1353 879 1422 in
907 1353 1034 1444 scriptis
1056 1356 1290 1446 componendis

314 1472 409 1540 valde
438 1467 571 1537 honoris
598 1464 706 1534 studio
730 1465 865 1534 ductum
887 1466 1004 1562 fuissej
1027 1467 1127 1558 longe
1153 1469 1286 1557 quidem

315 1586 358 1656 ab
388 1583 446 1650 illt
475 1579 620 1648 vanitate
651 1591 815 1660 remotus,
846 1591 884 1646 ut
911 1579 953 1646 ab
979 1579 1139 1670 imperitis
1164 1581 1285 1650 laudari

315 1709 466 1788 cuperet,
490 1694 596 1782 justas
629 1703 739 1758 autem
778 1689 970 1780 debitasque
1002 1693 1129 1762 meritis
1157 1694 1286 1782 laudes,

315 1835 400 1902 quae
411 1806 553 1898 aperitis
574 1801 813 1887 tribuebantur,
828 1804 919 1871 haud
934 1806 1175 1874 contemnebat.
1190 1806 1285 1892 »Quis

314 1926 421 2010 enim,
442 1921 490 1990 ait
512 1919 549 1985 in
573 1915 716 2006 Epistola
740 1915 883 2003 inedita,
911 1931 980 1986 tam
1007 1919 1131 1990 ferreus
1161 1933 1209 1988 est
1238 1917 1287 1987 rel

314 2043 481 2119 saroterra,
501 2053 601 2120 quem
621 2050 689 2096 non
713 2042 840 2098 moveat
862 2043 919 2096 aut
942 2031 1052 2100 trahat
1076 2033 1199 2123 gloriae
1218 2032 1288 2099 ille·

315 2150 412 2220 ecbra
439 2145 531 2236 (2)?”
583 2141 721 2212 Maxime
754 2153 861 2208 autem
890 2143 1039 2212 omnium
1067 2145 1196 2236 seriptis
1225 2145 1286 2211 im·

314 2261 548 2332 mortalitatem
575 2254 638 2324 sibi
660 2277 774 2346 parare
795 2255 964 2342 studebat,
988 2268 1100 2346 utpote
1124 2279 1209 2346 quac
1235 2281 1289 2326 ve·

313 2399 389 2444 rum
423 2374 619 2463 scriptorum
646 2367 790 2458 pretium
818 2369 981 2456 probaret.
1027 2369 1161 2460 Scripsit
1183 2371 1225 2438 dc
1255 2393 1287 2436 se

312 2489 445 2558 Nicolao
469 2482 641 2575 Episcopio
659 2479 805 2570 »quippe
827 2480 880 2547 cui
894 2481 980 2548 nihil
999 2481 1177 2573 exoptatius
1192 2505 1286 2573 quam

313 2603 355 2670 de
375 2597 480 2666 literis
505 2597 590 2660 bene
615 2590 773 2658 merendo
802 2591 1084 2662 immortalitatem
1105 2596 1197 2698 apud
1212 2619 1289 2686 pos-

663 2704 681 2728 Π

649 2758 659 2774 0

314 2729 399 2782 teros
421 2728 576 2796 quaerere
600 2707 647 2795 (3)

359 2820 448 2906 Quid
472 2819 577 2888 dicam
599 2820 640 2886 de
664 2820 854 2904 morborum
875 2819 1093 2888 curandorum
1108 2821 1179 2910 ejus
1199 2821 1288 2911 peri-

315 2932 385 3002 tia?
416 2932 515 3021 Cujus
542 2931 630 3000 fama
657 2954 716 3021 per
737 2945 840 3001 totam
865 2933 989 3000 hancce
1018 2931 1104 3000 orbis
1130 2945 1288 3010 terrarum

314 3061 443 3142 partem
467 3047 635 3138 divulgata
659 3060 749 3130 crat,
769 3060 807 3114 ut
833 3047 929 3115 multi
954 3071 1046 3138 reges
1072 3061 1107 3116 et
1128 3049 1290 3138 principes

315 3188 392 3234 eum
418 3161 546 3254 magnis
568 3160 861 3252 pollicitationibus
882 3155 976 3230 adse
996 3161 1168 3230 adtrahere
1191 3169 1287 3230 dona-

313 3293 443 3362 rentur3
474 3300 558 3366 quae
589 3274 732 3345 nominis
762 3273 932 3342 celebritas
956 3297 1055 3342 exeo
1080 3297 1211 3363 quoque
1239 3274 1290 3340 iu-¹

316 3388 421 3477 telligi
444 3400 572 3475 potest,
596 3390 688 3478 quod
708 3385 924 3456 Gulielmusl
950 3408 1037 3454 anno
1064 3391 1149 3454 1572
1175 3407 1289 3476 aegro·

313 3514 484 3581 censeam,
497 3500 649 3570 Harlemo
665 3500 835 3569 obsidione
850 3498 975 3583 cincto,
995 3498 1037 3566 ad
1055 3521 1088 3566 se
1101 3497 1290 3566 evocaverit.

357 3614 474 3692 Utrum
494 3611 646 3702 religioni
662 3613 871 3681 deformatae
883 3636 926 3680 an
940 3633 1014 3680 vero
1030 3611 1219 3680 Catholicae
1230 3611 1289 3678 ad-

349 3792 386 3860 (1)
404 3794 440 3842 Cs.
461 3792 527 3856 Elog.
545 3792 598 3841 Tib.
616 3793 747 3842 llemsterh.
766 3806 858 3844 anctore
875 3795 906 3848 b.
924 3794 1049 3844 Ruhnken.
1070 3815 1075 3822 ¹

349 3879 386 3952 (3)
403 3887 445 3951 Ep.
463 3887 509 3935 tls.
529 3887 551 3933 J.
572 3886 650 3934 laesio
667 3886 761 3951 llupell.
779 3890 816 3938 Cf.
833 3891 875 3954 Ep.
893 3905 917 3954 p.
937 3889 1003 3953 883,
1029 3889 1095 3954 330,
1114 3888 1173 3938 410.

350 3976 387 4045 (3)
404 3980 449 4044 ap,
467 3979 512 4028 tls.
530 3979 581 4028 llic.
600 3979 675 4044 Epire.
