3006 4998
713 335 954 412 na

353 531 496 604 Harlemi
514 532 671 624 praetoris
690 529 806 596 urbani
829 527 1026 618 apparitores
1043 527 1079 594 in
1098 528 1235 596 domum⁴
1251 530 1321 620 ejus

352 647 555 731 involarunt,
589 669 607 712 a
636 642 755 735 quibus
790 641 881 708 haud
910 663 1013 731 pauca
1042 663 1081 710 ex
1105 640 1199 708 honis
1229 657 1320 733 capta

352 773 386 826 et
404 759 529 848 direpta
544 772 621 825 sunt
640 757 696 848 (1).
719 759 826 840 Quam
840 752 996 844 injuriam
1012 753 1107 821 valde
1122 777 1218 845 aegre
1233 755 1318 824 tulit.

351 875 395 938 st
412 894 486 939 vero
510 871 615 959 major
634 869 734 936 etiarn
754 866 896 935 instabat
917 866 1094 936 calamitas.
1139 870 1208 934 llox
1231 869 1320 936 enim

350 985 487 1052 eandem
510 995 628 1052 sortem
654 981 774 1063 subiit,
797 1003 896 1070 quam
916 979 1074 1070 superiori
1096 1003 1181 1048 anno
1205 983 1317 1073 (1572)

329 1099 537 1182 lambertus
560 1095 749 1164 Hortensius
772 1093 899 1162 Nardae
921 1114 1089 1184 perpessus
1104 1093 1223 1161 fuerat.
1243 1099 1319 1162 Etc-

350 1208 443 1293 nim,
466 1208 548 1276 urhe
570 1209 721 1299 Hispanis
742 1207 873 1293 dedita,
894 1207 1042 1277 omnium
1070 1206 1140 1275 fere
1158 1189 1318 1276 bonorum

346 1315 556 1411 naufragium
581 1320 669 1390 fecit.
717 1319 938 1405 Bibliotheca,
970 1341 1068 1408 quam
1094 1319 1213 1389 hahuit
1235 1343 1316 1409 per·

346 1432 458 1499 multis
468 1409 561 1502 libris
574 1430 766 1500 instructam
781 1430 1019 1521 manuscriptis,
1029 1431 1065 1497 in
1076 1429 1315 1520 expugnatione

344 1543 435 1616 urbis
456 1543 583 1633 direpta
603 1557 672 1628 est,
688 1543 778 1632 quod
805 1543 961 1609 damnum
981 1553 1020 1608 ut
1043 1540 1138 1609 valde
1157 1543 1227 1630 ejus
1248 1541 1317 1608 ani-

344 1679 437 1723 mum
455 1655 588 1738 afflixit,
620 1655 723 1723 multo
740 1669 852 1723 tamen
873 1655 976 1746 magis
995 1654 1113 1743 scripta
1137 1653 1317 1742 deploravit

345 1769 565 1837 eademclads
583 1766 814 1855 amissa,quae
838 1766 1030 1834 inexhausto
1054 1764 1164 1834 labore
1187 1779 1220 1832 et
1233 1765 1315 1832 mul-

344 1880 391 1948 tis
404 1876 527 1966 vigiliis
541 1876 576 1943 in
596 1899 687 1968 spem
701 1878 900 1945 aeternitatis
915 1878 1134 1946 elaboraverat
1149 1877 1204 1968 (2).
1231 1881 1317 1944 Ante

345 1987 485 2054 civitatis
495 1988 772 2080 expugnationem
787 1989 989 2080 Magistratui
1001 1989 1201 2056 Harlemensi
1215 1989 1316 2078 scrip·

344 2113 430 2186 serat
459 2122 535 2168 eum
565 2123 703 2193 rogans,
754 2115 792 2168 ut
833 2123 946 2169 curam
989 2096 1212 2190 impenderet,
1249 2124 1318 2189 quo

343 2212 479 2280 aedibus
495 2214 560 2280 suis
575 2227 779 2304 parceretur,
800 2213 878 2282 urbs
896 2215 924 2282 si
940 2214 1113 2283 dederetur
1123 2213 1178 2304 (3);
1196 2213 1318 2302 quihus

342 2321 493 2417 precibus
532 2328 658 2396 etiamsi
697 2327 878 2396 satisfacere
910 2328 1113 2419 Magistratus
1143 2327 1313 2411 voluisset,

235 2463 239 2473 ·
342 2421 637 2528 propternimium
650 2440 795 2508 hostium
812 2439 956 2508 furorem
978 2464 1046 2508 non
1060 2439 1178 2530 potuit.
1202 2443 1313 2506 Postea

337 2550 500 2638 jacturam
521 2551 674 2618 resarcire
696 2565 830 2622 conatus
844 2565 911 2638 est,
932 2551 1074 2643 Epistolal
1094 2549 1316 2620 Maximiliano

342 2660 507 2728 chninio
523 2661 639 2730 Comiti
657 2662 674 2728 a
690 2665 788 2731 Bossu
810 2665 939 2753 scripti,
958 2687 1052 2752 aquo
1069 2660 1315 2753 flagitarit,sibi

342 2773 522 2857 indicaret,
550 2797 616 2862 qno
649 2774 719 2844 loco
747 2790 780 2844 et
807 2799 905 2866 quem
925 2800 1025 2866 penes
1055 2789 1164 2866 erepta
1182 2773 1314 2842 libraria

341 2885 485 2974 supellex
497 2897 589 2971 esset,
605 2908 704 2977 seque
719 2889 887 2978 adjuvaret
904 2889 940 2956 in
961 2886 1237 2978 &recuperandi
1257 2887 1267 2976 (
1288 2885 1311 2974 ).

343 2999 455 3066 Comes
477 2993 587 3066 autem
602 2999 692 3068 brevi
704 3014 775 3091 post
790 3014 901 3090 captus
910 3001 953 3092 (5)
967 3001 1111 3070 officium
1121 2998 1316 3087 Junioprae·

340 3125 424 3178 stare
453 3107 630 3202 impeditus
660 3126 716 3180 est.
764 3113 958 3182 Paucissima
992 3126 1119 3180 tantum
1148 3135 1186 3178 ex
1219 3108 1314 3177 bonis

339 3223 476 3316 diruptis
500 3225 532 3294 ei
553 3225 700 3294 restituta
722 3241 809 3294 sunt.
857 3226 1009 3296 Hostibus
1034 3248 1108 3294 vero
1126 3221 1317 3292 Harlemum

372 3373 409 3443 (1)
427 3378 463 3426 Cf.
476 3379 519 3443 Ep.
532 3381 597 3428 Cous.
611 3341 635 3428 el
646 3381 740 3428 Senatui
749 3381 775 3430 G.
788 3381 818 3433 ll.
828 3397 852 3446 p.
867 3381 931 3452 ³81,

369 3463 409 3533 (2)
427 3465 463 3514 Cf.
480 3464 561 3516 Velius
575 3468 661 3518 Chron.
677 3472 748 3520 llorn.
766 3470 784 3520 l.
805 3489 826 3520 c.
844 3481 869 3520 et
887 3473 974 3522 Auctor
991 3471 1059 3520 Vitae
1079 3471 1121 3534 up.
1132 3481 1168 3533 pr.
1188 3465 1312 3530 Ampzing.

337 3558 441 3607 llarlem.
452 3571 477 3624 p.
489 3559 538 3607 11⁰
551 3559 647 3624 ,uintcr
659 3563 744 3628 scripta
753 3563 846 3630 ‘direpta
857 3573 922 3613 erant
932 3563 1095 3614 commentaria
1105 3561 1154 3608 sive
1165 3555 1313 3608 animadver-

335 3652 410 3700 siones
428 3653 454 3699 in
463 3650 584 3716 Plinium,
598 3653 703 3702 Flaccum
720 3653 823 3722 aliosque
834 3655 914 3724 plures
927 3659 1050 3724 scriptores
1061 3649 1174 3704 veteres.''

369 3741 407 3810 (3)
423 3743 460 3790 cf.
476 3743 519 3808 up.
532 3743 593 3806 Mag.
606 3742 707 3798 llarlem.
721 3763 746 3812 p.
759 3739 818 3795 468.

370 3834 408 3898 (4)
422 3835 460 3883 uf.
472 3835 515 3899 up.
529 3835 635 3883 Comitia
646 3837 715 3886 nossa
727 3855 751 3903 p.
766 3839 825 3888 473.

369 3927 404 3994 (5)
421 3930 448 3978 ln
459 3927 536 3996 pugut
548 3927 625 4014 nnsali
638 3933 666 3976 ll
686 3930 791 3980 Octobris
803 3949 860 3981 anno
874 3933 948 3984 1673.
965 3937 969 3948 ’
