2930 4996
615 381 655 445 tt

145 585 207 656 ego
231 565 287 629 me
304 564 439 630 boatum
460 560 694 646 existimarem,
721 563 774 630 cui
796 585 862 632 uun
883 579 994 633 uuum
1017 567 1114 634 modo

148 676 255 766 (eujus
272 673 399 742 ricottis
415 673 502 740 fama
516 673 665 742 omnium
677 674 744 764 jam
755 676 965 765 praestrinxit
977 678 1114 763 animos,

146 807 241 858 aures
254 786 399 872 imbuit,
423 797 463 854 ut
484 786 526 856 de
544 786 730 856 eruditione
749 799 784 855 et
806 791 934 879 poetici
961 790 1115 858 facultate

149 898 295 990 taceam).
318 897 384 968 Sed
400 911 433 966 et
452 920 527 966 cum
541 901 580 966 n.
599 902 724 966 Jonnne
744 899 864 985 lunio,
884 900 968 971 mihi
990 923 1117 993 cogno*

150 1011 263 1092 mine,
283 1010 353 1078 viro
377 1007 553 1078 clarissimo
571 1010 768 1080 consuetudo
782 1011 924 1101 optanda
946 1013 988 1081 sit
1008 1027 1041 1082 et
1060 1013 1118 1082 ubi

148 1125 184 1191 in
205 1124 282 1191 lucc
310 1122 477 1190 doctorum
504 1135 537 1190 et
563 1121 738 1190 illustrium
763 1123 907 1191 virorum
931 1126 1117 1213 jucundum

146 1234 278 1303 senium
301 1233 468 1302 extrahere
485 1232 603 1324 volupe
621 1233 705 1300 mihi
720 1233 815 1302 foret.
838 1235 952 1324 ltaque
974 1234 1002 1302 si
1021 1247 1054 1302 te
1075 1236 1120 1304 ita

148 1347 234 1415 velle
253 1368 453 1438 cognovero,
477 1367 585 1436 neque
615 1368 723 1414 meam
743 1358 946 1418 senectutem
967 1325 1122 1437 aspernass

147 1460 254 1548 heris,
281 1482 406 1530 morem
438 1459 544 1530 lihons
571 1458 632 1526 tibi
662 1462 822 1549 gessero.''
868 1459 1118 1552 Medioburgurn

148 1573 252 1668 igitur
279 1571 424 1640 discessit
453 1570 659 1654 habitatum,
691 1572 749 1639 ubi
778 1564 912 1661 publico
955 1572 1119 1663 stipendio

149 1683 346 1752 medicinam
364 1681 523 1751 factitavit
548 1675 761 1772 aliquamdiu,
783 1683 986 1752 domicilium
1008 1689 1120 1754 nactus

56 1795 59 1802 ’
149 1797 185 1864 in
201 1795 340 1864 Abbatid
364 1795 736 1886 Praemonstratensiutn
745 1795 801 1892 (1)
904 1847 907 1852 .

194 1909 294 1984 luitio
324 1908 459 1998 quidem
489 1909 694 2000 ldediohurgi
733 1908 928 1988 valetudine
958 1851 1123 2001 gaudelsat

151 2021 230 2090 satis
243 2025 395 2112 prnspcrd
409 2034 442 2088 ot
460 2021 643 2088 mirahatur
654 2020 787 2089 delicias
806 2021 950 2104 illorum,
970 2024 1030 2112 qui
1042 2023 1125 2092 aeris

149 2133 316 2200 zelandici
343 2133 546 2224 asperitatem
573 2145 759 2201 accusarent
777 2132 821 2224 (2)
833 2159 843 2220 ;
877 2136 976 2224 paulo
1013 2149 1122 2203 autem

150 2258 224 2336 post
235 2243 439 2340 gravmsimus
453 2255 533 2314 eum'
545 2243 677 2332 morbus
692 2243 823 2313 adortus
844 2227 912 2312 est:
938 2245 992 2313 cui
1008 2245 1123 2321 morbo

149 2381 227 2428 curn
248 2357 348 2426 febris
370 2357 458 2428 lenta
474 2369 507 2426 et
524 2355 677 2462 cpntinua
699 2356 898 2442 accepisset,
916 2359 1035 2428 sensim
1053 2383 1125 2430 sena

150 2469 278 2562 situque
308 2470 378 2560 ejus
410 2469 493 2540 vires
526 2479 713 2542 consumtus
736 2480 769 2536 et
790 2468 947 2538 contritae
971 2481 1049 2536 sunt
1065 2469 1123 2560 (3).

150 2581 287 2668 Quantis
317 2594 397 2649 tunc
411 2659 413 2664 Α
429 2582 571 2672 corporis
598 2581 763 2650 doloribus
785 2581 944 2650 cruciatus
968 2582 1032 2669 sit,
1071 2582 1123 2648 vix

151 2695 261 2764 animo
279 2692 450 2784 complecti
469 2694 587 2782 aliquis
610 2693 747 2784 poterit,
769 2693 832 2761 nisi
849 2694 1020 2784 Epistolis‚
1044 2717 1124 2783 quas

149 2806 278 2898 scripsit
298 2827 337 2874 eo
361 2819 527 2897 tempore,
555 2805 704 2898 perlectis
716 2804 771 2898 (t).
818 2807 972 2876 Ultimum
994 2807 1122 2897 Episto-

149 2919 216 2986 lsm
232 2919 274 2984 ab
290 2940 328 2986 eo
341 2918 494 3008 scriptam
505 2919 586 2987 lano
599 2919 726 2990 Douzae
740 2925 779 2985 10
794 2918 871 3008 Maji
885 2943 916 2986 a.
930 2926 1014 2987 1575
1032 2920 1126 2986 inve-

149 3031 210 3112 ni,
225 3054 278 3098 cm
269 3029 630 3121 scribit(5).aGruv1s
640 3051 694 3098 me
704 3030 828 3098 afflavit
840 3054 908 3100 non
928 3031 973 3099 ita
991 3032 1124 3122 pridem

150 3145 235 3214 seris
257 3141 395 3230 halitus,
423 3144 480 3234 qni
501 3167 577 3211 cum
592 3143 759 3212 teterrima
776 3142 855 3211 tussi
876 3142 1020 3210 animam
1041 3143 1125 3208 mihi

101 3295 105 3302 ·
150 3271 281 3326 tanturn
294 3281 362 3328 non
374 3256 468 3326 elrdrt
481 3249 588 3355 atque
596 3241 810 3356 espectoratss'
832 3259 926 3340 Anno
939 3259 1036 3335 1575,
1050 3233 1126 3321 cuni

188 3420 226 3489 (t)
247 3422 284 3471 (ll.
295 3423 338 3488 Ep.
351 3420 444 3470 lllcolso
455 3417 654 3485 Ventiopem.
713 3445 716 3452 ·

187 3512 227 3583 (8)
241 3515 279 3564 Gi.
291 3515 334 3580 tp.
345 3513 370 3564 J.
379 3514 454 3562 llusio
466 3511 497 3562 ab
510 3510 574 3576 llolij
586 3528 611 3577 p.
625 3511 685 3561 m.
722 3540 726 3546 »

188 3605 227 3674 (1)
240 3607 330 3656 Auctor
337 3606 405 3655 Vitae
418 3606 463 3671 Ep.
472 3621 509 3670 pr.
521 3599 672 3668 »ingrivum
684 3610 708 3651 at
718 3600 829 3652 letlnlen
835 3601 941 3652 morbum
956 3601 1049 3665 incidit,
1069 3601 1131 3649 mul-¹
1236 3641 1240 3658 ,

154 3700 185 3748 tit
196 3697 263 3750 nois
275 3715 328 3748 anm
345 3695 537 3764 aggravantibus,
550 3705 580 3744 ut
595 3694 737 3744 inustione
753 3703 852 3759 ranam,
874 3703 1014 3760 apostemata
1027 3695 1052 3740 in
1070 3690 1130 3740 collo

154 3791 256 3855 ruisse,
268 3790 334 3855 graui
350 3791 422 3854 tuni,
433 3797 460 3837 et
468 3787 635 3854 iruuperlcnti
645 3796 670 3834 ct
680 3782 794 3851 partiam
805 3783 898 3834 ἥδισθ’

189 3879 793 3949 (⁴)cs.1p.p.441,toe,m,·⁴toplures.
848 3887 854 3894 '

81 3967 85 3976 '
190 3974 229 4044 (5)
246 3974 442 4041 ΕΡ.ιι1.ἰιιΑΡΡ.
456 3974 572 4024 sdl’oem
580 3974 682 4028 Danaae.
706 3985 711 4002 ⁴
757 3991 761 3998 ¹·
816 4009 818 4014 .
859 3980 861 3991 '
