2946 5002
836 387 878 450 54

365 565 584 636 illiberalitate
610 563 759 655 queritur
789 565 825 634 in
851 567 950 635 alterd
985 567 1121 658 epistola
1142 568 1265 638 ineditd
1284 569 1346 638 ci-

366 680 443 748 dem
470 676 602 748 Perezio
626 678 757 769 scriptd.
790 678 1019 770 »Philippeida
1048 703 1175 766 meam,
1203 682 1346 750 infausto

362 792 428 882 (uti
453 791 537 884 reor)
560 791 660 884 genio
685 805 818 873 numm,
842 791 980 862 donario
1006 793 1144 884 triginta
1168 818 1222 862 aex
1243 817 1344 864 corc-
1452 869 1453 894 ,

365 918 515 976 natorum
543 927 717 975 aureorum
746 919 988 973 remuneratam
1018 905 1138 992 luisse,
1176 906 1256 974 scies
1295 909 1347 975 vir

364 1017 812 1109 Amplissime,haudscioau
822 1018 1122 1088 immitiuafortaaee
1131 1042 1231 1108 quam
1240 1021 1347 1089 Ghoe·
1452 1003 1453 1006 Ἴ

362 1131 416 1198 rili
437 1145 551 1222 poetae
570 1142 703 1222 pactum
729 1153 805 1198 cum
824 1129 1005 1200 Alexandro
1027 1132 1203 1200 llaoedone
1228 1154 1345 1200 meru-

363 1243 447 1330 erit,
467 1255 554 1312 certe
573 1241 713 1334 duplum
736 1242 876 1332 amplius
896 1265 985 1311 mora
1004 1242 1102 1334 longa
1119 1243 1344 1333 proiectioque

363 1357 541 1441 absumsit,
575 1355 638 1423 uisi
668 1354 752 1424 forte
782 1369 840 1423 aut
872 1355 907 1422 in
936 1355 1071 1424 nomine
1107 1369 1252 1423 erratum
1283 1358 1341 1442 sit,

362 1469 496 1560 qrrando
534 1491 603 1538 non
641 1469 772 1550 desint,
810 1469 868 1557 qui
903 1469 1052 1557 quotidie
1080 1468 1163 1558 quid
1196 1471 1344 1538 ambiant
1452 1545 1453 1556 χ

363 1582 515 1674 speciosis
550 1581 674 1670 titulis,
707 1595 764 1649 aut
796 1581 860 1648 nisi
881 1580 1009 1650 inscitia
1042 1605 1231 1651 amuaorum
1253 1605 1342 1672 quo-

362 1695 523 1780 rundam,
552 1694 642 1784 quod
668 1693 876 1762 verisimilius
901 1707 966 1778 est,
990 1695 1025 1760 id
1046 1693 1169 1762 fadum
1187 1695 1242 1762 sit.
1265 1699 1342 1764 Ion-

362 1809 436 1878 dini
459 1809 545 1899 (1).''
581 1810 679 1893 Quod
707 1807 856 1876 universe
884 1809 928 1874 ad
942 1807 1103 1898 poeticam
1122 1809 1212 1876 lunii
1237 1808 1343 1877 tacut-
1452 1855 1453 1862 κ

363 1936 467 1992 tatem
497 1922 637 2004 attinet,
659 1921 921 1990 animadvertens
948 1923 1017 2012 ejus
1044 1922 1190 1989 carmina
1219 1923 1342 1989 amul-

363 2036 406 2104 tis
432 2035 560 2104 laudari
591 2035 656 2127 (2),
685 2035 829 2102 mirabar
855 2059 892 2102 ea
912 2057 978 2104 non
999 2033 1084 2102 mihi
1104 2035 1150 2102 ita
1170 2059 1208 2102 ac
1233 2036 1342 2104 ceteris

363 2149 503 2240 placere.
541 2148 748 2219 Videbantur
770 2148 860 2216 enim
879 2147 962 2214 mihi
983 2147 1190 2232 duriuscule,
1213 2150 1342 2239 ejusque

363 2261 530 2330 suavitatis
537 2311 547 2346 ,
579 2262 723 2352 quaein
747 2264 877 2330 Douzae
905 2259 1106 2327 carminibus
1139 2284 1341 2352 summopere

364 2397 424 2445 nos
452 2375 613 2461 delectat,
638 2397 706 2444 esse
725 2373 880 2465 expertia.
925 2377 1035 2457 Quum
1056 2395 1132 2442 vero
1153 2375 1339 2458 neminem,

365 2511 500 2574 mecum
542 2487 600 2578 qui
634 2486 775 2572 faceret,
819 2483 1000 2553 invenirem
1042 2499 1075 2553 et
1119 2486 1190 2575 jam
1231 2487 1267 2553 in
1306 2509 1341 2554 eo

366 2623 480 2694 essem,
496 2613 534 2666 ut
549 2599 743 2666 sententiam
763 2621 870 2664 meam
894 2610 1061 2686 tamquam
1081 2599 1191 2666 minus
1210 2622 1342 2688 aequam

366 2714 566 2803 deponerem
592 2723 650 2777 aut
674 2722 761 2779 certe
788 2709 974 2795 differrem,
997 2711 1084 2780 bont
1105 2711 1237 2783 fortuna
1267 2713 1342 2782 Dis-

366 2824 494 2916 putatio
512 2823 584 2896 Viri
609 2822 734 2893 Clarias.
762 2823 901 2892 llolman
926 2824 1137 2916 Peerlkamp,
1159 2827 1200 2894 de
1219 2828 1296 2899 Vin
1314 2840 1345 2896 et

351 2935 520 3005 ¹Doctrind
550 2934 745 3028 Belgarum,
787 2935 854 3024 qui-
886 2934 986 3003 latina
1023 2936 1167 3004 carmina
1204 2939 1342 3029 scripse-

366 3064 447 3120 runt
475 3050 541 3144 (3),
571 3049 656 3117 mihi
682 3049 847 3133 innotuit,
870 3061 1065 3139 gratumque
1090 3049 1176 3116 mihi
1206 3051 1343 3135 accidit,
1401 3075 1402 3084 ¹

366 3166 457 3258 quod
476 3163 631 3255 equidem
648 3162 798 3254 opinatus
819 3161 965 3248 fueram,
976 3162 1064 3230 idem
1085 3163 1198 3235 aViro
1220 3165 1344 3233 Clarias.

367 3277 556 3349 confirmari
575 3277 735 3348 »lunium
755 3298 823 3345 non
845 3275 919 3343 ideo
942 3275 1232 3344 conlaudandum
1256 3301 1344 3361 esse,

366 3393 458 3482 quod
480 3394 529 3462 rei
552 3392 699 3483 poeticae
720 3387 986 3459 exercitationem
1007 3388 1107 3456 tantis
1124 3389 1343 3460 doctrinarum

368 3502 484 3570 studiis
511 3503 711 3594 adjunxerit,
744 3501 802 3570 sed
833 3501 931 3590 hujus
952 3499 1073 3568 laboris
1099 3499 1245 3586 fructus,
1268 3501 1343 3591 quia

359 3757 362 3762 ,
402 3704 440 3772 (l)
460 3706 496 3754 Cf.
513 3703 574 3752 infra
594 3703 622 3751 de
642 3705 695 3751 Viti
720 3705 745 3752 C.
762 3706 786 3752 3.
1211 3758 1215 3768 Ι

403 3797 440 3866 (2)
463 3798 499 3846 Cf.
527 3795 658 3844 Guiooierd.
690 3795 780 3846 Bcschr.
799 3797 822 3845 d.
841 3795 899 3845 Ned.
918 3797 1038 3844 lleuraius.
1060 3794 1116 3843 Ath.
1135 3797 1186 3844 Bet.
1208 3795 1301 3859 Baglina
1320 3797 1342 3842 in

370 3891 431 3940 llict.
450 3899 469 3940 t.
487 3891 512 3938 2.
531 3905 555 3954 p.
573 3886 634 3937 884.
653 3904 698 3936 ran
714 3888 803 3952 Royan.
823 3889 929 3937 (lumina
946 3903 969 3952 p.
990 3889 1049 3936 15³.
1066 3886 1156 3936 Plures.

405 3980 443 4050 (³)
460 3981 496 4032 Cf.
515 3983 577 4032 liaeo
595 3981 658 4046 nup.
677 3997 700 4045 p.
720 3982 776 4028 tol.
795 3997 854 4046 quae
872 3982 958 4028 inserta
976 3981 1052 4028 estin
1070 3980 1123 4029 Art.
1141 3979 1213 4029 Acad.
1231 3979 1300 4028 Brnx.
