<?xml version="1.0" encoding="UTF-8"?>
<!DOCTYPE html PUBLIC "-//W3C//DTD XHTML 1.0 Transitional//EN"
    "http://www.w3.org/TR/xhtml1/DTD/xhtml1-transitional.dtd">
<html xmlns="http://www.w3.org/1999/xhtml" xml:lang="en" lang="en">
 <head>
  <title>
</title>
<meta http-equiv="Content-Type" content="text/html;charset=utf-8" />
  <meta name='ocr-system' content='tesseract 3.04.00' />
  <meta name='ocr-capabilities' content='ocr_page ocr_carea ocr_par ocr_line ocrx_word'/>
</head>
<body>
  <div class='ocr_page' id='page_1' title='image "./diatribeinhadri00schegoog_0120.png"; bbox 0 0 2946 5002; ppageno 0'>
   <div class='ocr_carea' id='block_1_1' title="bbox 655 375 696 436">
    <p class='ocr_par' dir='ltr' id='par_1_1' title="bbox 655 375 696 436">
     <span class='ocr_line' id='line_1_1' title="bbox 655 375 696 436; baseline 0 0"><span class='ocrx_word' id='word_1_1' title='bbox 655 375 696 436; x_wconf 80' lang='lat'>93</span> 
     </span>
    </p>
   </div>
   <div class='ocr_carea' id='block_1_2' title="bbox 646 605 695 663">
    <p class='ocr_par' dir='ltr' id='par_1_2' title="bbox 646 605 695 663">
     <span class='ocr_line' id='line_1_2' title="bbox 646 605 695 663; baseline 0 -1"><span class='ocrx_word' id='word_1_2' title='bbox 646 605 695 663; x_wconf 81' lang='lat' dir='ltr'>vl.</span> 
     </span>
    </p>
   </div>
   <div class='ocr_carea' id='block_1_3' title="bbox 269 760 1137 948">
    <p class='ocr_par' dir='ltr' id='par_1_3' title="bbox 269 760 1137 948">
     <span class='ocr_line' id='line_1_3' title="bbox 269 760 1137 846; baseline -0.001 -21"><span class='ocrx_word' id='word_1_3' title='bbox 269 763 343 825; x_wconf 75' lang='lat' dir='ltr'>luni</span> <span class='ocrx_word' id='word_1_4' title='bbox 362 762 436 824; x_wconf 82' lang='lat' dir='ltr'>haee</span> <span class='ocrx_word' id='word_1_5' title='bbox 456 783 548 822; x_wconf 79' lang='lat' dir='ltr'>urna:</span> <span class='ocrx_word' id='word_1_6' title='bbox 565 773 610 823; x_wconf 82' lang='lat' dir='ltr'>sat</span> <span class='ocrx_word' id='word_1_7' title='bbox 620 760 678 822; x_wconf 88' lang='lat' dir='ltr'>hoe</span> <span class='ocrx_word' id='word_1_8' title='bbox 691 760 812 844; x_wconf 85' lang='lat' dir='ltr'>hospes,</span> <span class='ocrx_word' id='word_1_9' title='bbox 827 783 898 822; x_wconf 83' lang='lat' dir='ltr'>nam</span> <span class='ocrx_word' id='word_1_10' title='bbox 914 773 1026 823; x_wconf 77' lang='lat' dir='ltr'>caetera</span> <span class='ocrx_word' id='word_1_11' title='bbox 1041 773 1070 828; x_wconf 84' lang='lat' dir='ltr'>et</span> <span class='ocrx_word' id='word_1_12' title='bbox 1083 765 1137 846; x_wconf 90' lang='lat' dir='ltr'>ipsi</span> 
     </span>
     <span class='ocr_line' id='line_1_4' title="bbox 310 865 971 948; baseline 0 -20"><span class='ocrx_word' id='word_1_13' title='bbox 310 865 472 948; x_wconf 78' lang='lat' dir='ltr'>Antipodes</span> <span class='ocrx_word' id='word_1_14' title='bbox 493 876 634 948; x_wconf 89' lang='lat' dir='ltr'>poterunt</span> <span class='ocrx_word' id='word_1_15' title='bbox 655 886 886 927; x_wconf 80' lang='lat' dir='ltr'>commemorare</span> <span class='ocrx_word' id='word_1_16' title='bbox 908 868 971 928; x_wconf 90' lang='lat' dir='ltr'>tibi.</span> 
     </span>
    </p>
   </div>
   <div class='ocr_carea' id='block_1_4' title="bbox 407 1091 878 1204">
    <p class='ocr_par' dir='ltr' id='par_1_4' title="bbox 407 1091 878 1204">
     <span class='ocr_line' id='line_1_5' title="bbox 407 1091 878 1204; baseline -0.002 -24"><span class='ocrx_word' id='word_1_17' title='bbox 407 1091 411 1100; x_wconf 40' lang='lat'>⁸</span> <span class='ocrx_word' id='word_1_18' title='bbox 474 1114 704 1204; x_wconf 79' lang='lat' dir='ltr'>Proeepepoea</span> <span class='ocrx_word' id='word_1_19' title='bbox 724 1114 878 1204; x_wconf 83' lang='lat' dir='ltr'>defimeti.</span> 
     </span>
    </p>
   </div>
   <div class='ocr_carea' id='block_1_5' title="bbox 267 1294 1161 2634">
    <p class='ocr_par' dir='ltr' id='par_1_5' title="bbox 271 1294 1154 1480">
     <span class='ocr_line' id='line_1_6' title="bbox 271 1294 1154 1379; baseline 0.002 -25"><span class='ocrx_word' id='word_1_20' title='bbox 271 1295 338 1355; x_wconf 83' lang='lat' dir='ltr'>Vive</span> <span class='ocrx_word' id='word_1_21' title='bbox 358 1295 482 1379; x_wconf 87' lang='lat' dir='ltr'>hospes,</span> <span class='ocrx_word' id='word_1_22' title='bbox 506 1295 579 1355; x_wconf 90' lang='lat' dir='ltr'>dum</span> <span class='ocrx_word' id='word_1_23' title='bbox 599 1296 658 1357; x_wconf 79' lang='lat' dir='ltr'>fate</span> <span class='ocrx_word' id='word_1_24' title='bbox 671 1296 791 1371; x_wconf 87' lang='lat' dir='ltr'>sinunt,</span> <span class='ocrx_word' id='word_1_25' title='bbox 806 1294 897 1356; x_wconf 90' lang='lat' dir='ltr'>modo</span> <span class='ocrx_word' id='word_1_26' title='bbox 909 1295 1036 1357; x_wconf 80' lang='lat' dir='ltr'>viximus</span> <span class='ocrx_word' id='word_1_27' title='bbox 1050 1305 1079 1355; x_wconf 89' lang='lat' dir='ltr'>et</span> <span class='ocrx_word' id='word_1_28' title='bbox 1090 1317 1154 1371; x_wconf 89' lang='lat' dir='ltr'>nos,</span> 
     </span>
     <span class='ocr_line' id='line_1_7' title="bbox 308 1398 907 1480; baseline 0.003 -22"><span class='ocrx_word' id='word_1_29' title='bbox 308 1399 346 1458; x_wconf 77' lang='lat' dir='ltr'>At</span> <span class='ocrx_word' id='word_1_30' title='bbox 365 1420 429 1459; x_wconf 89' lang='lat' dir='ltr'>non</span> <span class='ocrx_word' id='word_1_31' title='bbox 449 1410 483 1459; x_wconf 85' lang='lat' dir='ltr'>ut</span> <span class='ocrx_word' id='word_1_32' title='bbox 502 1398 584 1480; x_wconf 78' lang='lat' dir='ltr'>vulgi</span> <span class='ocrx_word' id='word_1_33' title='bbox 603 1400 698 1468; x_wconf 78' lang='lat' dir='ltr'>vivere</span> <span class='ocrx_word' id='word_1_34' title='bbox 718 1399 806 1461; x_wconf 88' lang='lat' dir='ltr'>turba</span> <span class='ocrx_word' id='word_1_35' title='bbox 826 1399 907 1464; x_wconf 65' lang='lat' dir='ltr'>solet</span> 
     </span>
    </p>

    <p class='ocr_par' dir='ltr' id='par_1_6' title="bbox 269 1504 1135 1671">
     <span class='ocr_line' id='line_1_8' title="bbox 269 1504 1135 1589; baseline 0 -25"><span class='ocrx_word' id='word_1_36' title='bbox 269 1507 336 1586; x_wconf 82' lang='lat' dir='ltr'>Ipsa</span> <span class='ocrx_word' id='word_1_37' title='bbox 357 1506 476 1579; x_wconf 84' lang='lat' dir='ltr'>anime,</span> <span class='ocrx_word' id='word_1_38' title='bbox 498 1515 532 1564; x_wconf 89' lang='lat' dir='ltr'>ut</span> <span class='ocrx_word' id='word_1_39' title='bbox 552 1525 677 1586; x_wconf 88' lang='lat' dir='ltr'>eorpus,</span> <span class='ocrx_word' id='word_1_40' title='bbox 699 1507 781 1565; x_wconf 90' lang='lat' dir='ltr'>oneri</span> <span class='ocrx_word' id='word_1_41' title='bbox 803 1504 910 1589; x_wconf 89' lang='lat' dir='ltr'>quibus</span> <span class='ocrx_word' id='word_1_42' title='bbox 930 1525 990 1565; x_wconf 89' lang='lat' dir='ltr'>esse</span> <span class='ocrx_word' id='word_1_43' title='bbox 1011 1505 1135 1579; x_wconf 84' lang='lat' dir='ltr'>videtur,</span> 
     </span>
     <span class='ocr_line' id='line_1_9' title="bbox 308 1608 941 1671; baseline 0.002 -2"><span class='ocrx_word' id='word_1_44' title='bbox 308 1610 343 1669; x_wconf 84' lang='lat' dir='ltr'>Et</span> <span class='ocrx_word' id='word_1_45' title='bbox 363 1608 453 1668; x_wconf 85' lang='lat' dir='ltr'>modo</span> <span class='ocrx_word' id='word_1_46' title='bbox 474 1629 538 1670; x_wconf 89' lang='lat' dir='ltr'>non</span> <span class='ocrx_word' id='word_1_47' title='bbox 561 1609 628 1668; x_wconf 79' lang='lat' dir='ltr'>vivis</span> <span class='ocrx_word' id='word_1_48' title='bbox 648 1621 766 1671; x_wconf 81' lang='lat' dir='ltr'>mortua</span> <span class='ocrx_word' id='word_1_49' title='bbox 786 1611 845 1670; x_wconf 84' lang='lat' dir='ltr'>vita</span> <span class='ocrx_word' id='word_1_50' title='bbox 865 1609 941 1670; x_wconf 89' lang='lat' dir='ltr'><strong>fluit.</strong></span> 
     </span>
    </p>

    <p class='ocr_par' dir='ltr' id='par_1_7' title="bbox 268 1713 989 1881">
     <span class='ocr_line' id='line_1_10' title="bbox 268 1713 989 1799; baseline 0.001 -27"><span class='ocrx_word' id='word_1_51' title='bbox 268 1713 320 1772; x_wconf 84' lang='lat' dir='ltr'>uic</span> <span class='ocrx_word' id='word_1_52' title='bbox 340 1735 445 1773; x_wconf 87' lang='lat' dir='ltr'>somno</span> <span class='ocrx_word' id='word_1_53' title='bbox 465 1724 579 1795; x_wconf 83' lang='lat' dir='ltr'>partem</span> <span class='ocrx_word' id='word_1_54' title='bbox 600 1717 744 1799; x_wconf 87' lang='lat' dir='ltr'>majorem</span> <span class='ocrx_word' id='word_1_55' title='bbox 765 1715 892 1774; x_wconf 79' lang='lat' dir='ltr'>conterit</span> <span class='ocrx_word' id='word_1_56' title='bbox 912 1716 989 1790; x_wconf 83' lang='lat' dir='ltr'>aevi,</span> 
     </span>
     <span class='ocr_line' id='line_1_11' title="bbox 309 1805 938 1881; baseline -0.005 0"><span class='ocrx_word' id='word_1_57' title='bbox 309 1819 406 1881; x_wconf 80' lang='lat' dir='ltr'>cernit</span> <span class='ocrx_word' id='word_1_58' title='bbox 425 1805 455 1878; x_wconf 86' lang='lat' dir='ltr'>et</span> <span class='ocrx_word' id='word_1_59' title='bbox 474 1819 508 1878; x_wconf 89' lang='lat' dir='ltr'>in</span> <span class='ocrx_word' id='word_1_60' title='bbox 529 1817 627 1879; x_wconf 87' lang='lat' dir='ltr'>medio</span> <span class='ocrx_word' id='word_1_61' title='bbox 649 1819 764 1880; x_wconf 86' lang='lat' dir='ltr'>somnia</span> <span class='ocrx_word' id='word_1_62' title='bbox 784 1839 861 1879; x_wconf 82' lang='lat' dir='ltr'>vena</span> <span class='ocrx_word' id='word_1_63' title='bbox 881 1817 938 1878; x_wconf 91' lang='lat' dir='ltr'>die.</span> 
     </span>
    </p>

    <p class='ocr_par' dir='ltr' id='par_1_8' title="bbox 267 1911 1089 2088">
     <span class='ocr_line' id='line_1_12' title="bbox 267 1911 1089 2005; baseline 0 -23"><span class='ocrx_word' id='word_1_64' title='bbox 267 1921 404 1983; x_wconf 78' lang='lat' dir='ltr'>Rixendo</span> <span class='ocrx_word' id='word_1_65' title='bbox 426 1932 550 1983; x_wconf 82' lang='lat' dir='ltr'>aetatem</span> <span class='ocrx_word' id='word_1_66' title='bbox 571 1911 621 1983; x_wconf 87' lang='lat' dir='ltr'>hic</span> <span class='ocrx_word' id='word_1_67' title='bbox 635 1923 797 2005; x_wconf 86' lang='lat' dir='ltr'>procudit,</span> <span class='ocrx_word' id='word_1_68' title='bbox 819 1934 849 1984; x_wconf 80' lang='lat' dir='ltr'>et</span> <span class='ocrx_word' id='word_1_69' title='bbox 869 1922 919 1983; x_wconf 86' lang='lat' dir='ltr'>ille</span> <span class='ocrx_word' id='word_1_70' title='bbox 939 1921 1089 1997; x_wconf 86' lang='lat' dir='ltr'>bibendo,</span> 
     </span>
     <span class='ocr_line' id='line_1_13' title="bbox 309 2026 988 2088; baseline 0 -1"><span class='ocrx_word' id='word_1_71' title='bbox 309 2028 384 2088; x_wconf 80' lang='lat' dir='ltr'>Huic</span> <span class='ocrx_word' id='word_1_72' title='bbox 404 2026 544 2087; x_wconf 86' lang='lat' dir='ltr'>modulus</span> <span class='ocrx_word' id='word_1_73' title='bbox 563 2029 640 2088; x_wconf 81' lang='lat' dir='ltr'>vitae</span> <span class='ocrx_word' id='word_1_74' title='bbox 660 2027 722 2088; x_wconf 85' lang='lat' dir='ltr'>sola</span> <span class='ocrx_word' id='word_1_75' title='bbox 743 2028 843 2087; x_wconf 80' lang='lat' dir='ltr'>culina</span> <span class='ocrx_word' id='word_1_76' title='bbox 863 2049 915 2088; x_wconf 84' lang='lat' dir='ltr'>sua</span> <span class='ocrx_word' id='word_1_77' title='bbox 936 2037 988 2087; x_wconf 87' lang='lat' dir='ltr'>est.</span> 
     </span>
    </p>

    <p class='ocr_par' dir='ltr' id='par_1_9' title="bbox 267 2131 1161 2319">
     <span class='ocr_line' id='line_1_14' title="bbox 267 2131 1161 2214; baseline 0.001 -24"><span class='ocrx_word' id='word_1_78' title='bbox 267 2131 313 2190; x_wconf 77' lang='lat' dir='ltr'>Ad</span> <span class='ocrx_word' id='word_1_79' title='bbox 334 2141 435 2214; x_wconf 83' lang='lat' dir='ltr'>stupra</span> <span class='ocrx_word' id='word_1_80' title='bbox 455 2143 484 2191; x_wconf 86' lang='lat' dir='ltr'>et</span> <span class='ocrx_word' id='word_1_81' title='bbox 504 2131 607 2192; x_wconf 87' lang='lat' dir='ltr'>caedes</span> <span class='ocrx_word' id='word_1_82' title='bbox 627 2154 698 2214; x_wconf 84' lang='lat' dir='ltr'>gens</span> <span class='ocrx_word' id='word_1_83' title='bbox 718 2141 787 2191; x_wconf 80' lang='lat' dir='ltr'>natu</span> <span class='ocrx_word' id='word_1_84' title='bbox 808 2131 924 2191; x_wconf 83' lang='lat' dir='ltr'>videtur</span> <span class='ocrx_word' id='word_1_85' title='bbox 943 2131 1062 2191; x_wconf 77' lang='lat' dir='ltr'>Iberdm</span> <span class='ocrx_word' id='word_1_86' title='bbox 1073 2178 1081 2207; x_wconf 93' lang='lat'>‚</span> <span class='ocrx_word' id='word_1_87' title='bbox 1158 2139 1161 2150; x_wconf 69' lang='lat'><strong>⁴</strong></span> 
     </span>
     <span class='ocr_line' id='line_1_15' title="bbox 307 2233 920 2319; baseline -0.007 -23"><span class='ocrx_word' id='word_1_88' title='bbox 307 2237 500 2319; x_wconf 82' lang='lat' dir='ltr'>Romanoque</span> <span class='ocrx_word' id='word_1_89' title='bbox 520 2235 607 2295; x_wconf 82' lang='lat' dir='ltr'>litant</span> <span class='ocrx_word' id='word_1_90' title='bbox 627 2233 684 2295; x_wconf 83' lang='lat' dir='ltr'>hae</span> <span class='ocrx_word' id='word_1_91' title='bbox 703 2235 816 2293; x_wconf 81' lang='lat' dir='ltr'>ratione</span> <span class='ocrx_word' id='word_1_92' title='bbox 836 2233 920 2294; x_wconf 73' lang='lat' dir='ltr'>lovi:</span> 
     </span>
    </p>

    <p class='ocr_par' dir='ltr' id='par_1_10' title="bbox 267 2336 1130 2524">
     <span class='ocr_line' id='line_1_16' title="bbox 267 2336 1130 2421; baseline -0.006 -20"><span class='ocrx_word' id='word_1_93' title='bbox 267 2341 382 2401; x_wconf 88' lang='lat' dir='ltr'>Rumen</span> <span class='ocrx_word' id='word_1_94' title='bbox 395 2337 631 2421; x_wconf 80' lang='lat' dir='ltr'>adimplendum</span> <span class='ocrx_word' id='word_1_95' title='bbox 644 2336 779 2400; x_wconf 74' lang='lat' dir='ltr'>Honeehi</span> <span class='ocrx_word' id='word_1_96' title='bbox 795 2338 957 2421; x_wconf 85' lang='lat' dir='ltr'>Venerique</span> <span class='ocrx_word' id='word_1_97' title='bbox 971 2337 1130 2411; x_wconf 79' lang='lat' dir='ltr'>litandum,</span> 
     </span>
     <span class='ocr_line' id='line_1_17' title="bbox 308 2439 1114 2524; baseline -0.006 -18"><span class='ocrx_word' id='word_1_98' title='bbox 308 2450 404 2524; x_wconf 82' lang='lat' dir='ltr'><strong>Quam</strong></span> <span class='ocrx_word' id='word_1_99' title='bbox 426 2466 585 2506; x_wconf 83' lang='lat' dir='ltr'>commune</span> <span class='ocrx_word' id='word_1_100' title='bbox 607 2465 659 2506; x_wconf 86' lang='lat' dir='ltr'>suo</span> <span class='ocrx_word' id='word_1_101' title='bbox 681 2463 751 2504; x_wconf 87' lang='lat' dir='ltr'>cum</span> <span class='ocrx_word' id='word_1_102' title='bbox 773 2443 865 2506; x_wconf 85' lang='lat' dir='ltr'>Genio</span> <span class='ocrx_word' id='word_1_103' title='bbox 885 2441 962 2502; x_wconf 91' lang='lat' dir='ltr'>illud</span> <span class='ocrx_word' id='word_1_104' title='bbox 979 2439 1114 2503; x_wconf 78' lang='lat' dir='ltr'>habeut?</span> 
     </span>
    </p>

    <p class='ocr_par' dir='ltr' id='par_1_11' title="bbox 267 2546 1026 2634">
     <span class='ocr_line' id='line_1_18' title="bbox 267 2546 1026 2634; baseline -0.008 -21"><span class='ocrx_word' id='word_1_105' title='bbox 267 2556 413 2634; x_wconf 83' lang='lat' dir='ltr'>Ignavum</span> <span class='ocrx_word' id='word_1_106' title='bbox 433 2551 496 2611; x_wconf 84' lang='lat' dir='ltr'>fuei</span> <span class='ocrx_word' id='word_1_107' title='bbox 515 2571 623 2632; x_wconf 86' lang='lat' dir='ltr'>pecus,</span> <span class='ocrx_word' id='word_1_108' title='bbox 646 2559 734 2632; x_wconf 75' lang='lat' dir='ltr'>atque</span> <span class='ocrx_word' id='word_1_109' title='bbox 756 2548 794 2608; x_wconf 83' lang='lat' dir='ltr'>ad</span> <span class='ocrx_word' id='word_1_110' title='bbox 814 2547 925 2630; x_wconf 87' lang='lat' dir='ltr'>poeula</span> <span class='ocrx_word' id='word_1_111' title='bbox 945 2546 1026 2607; x_wconf 85' lang='lat' dir='ltr'>docti</span> 
     </span>
    </p>
   </div>
   <div class='ocr_carea' id='block_1_6' title="bbox 250 2652 941 2739">
    <p class='ocr_par' dir='ltr' id='par_1_12' title="bbox 250 2652 941 2739">
     <span class='ocr_line' id='line_1_19' title="bbox 250 2652 941 2739; baseline -0.009 -20"><span class='ocrx_word' id='word_1_112' title='bbox 250 2725 255 2732; x_wconf 58' lang='grc'>,</span> <span class='ocrx_word' id='word_1_113' title='bbox 307 2661 345 2718; x_wconf 89' lang='lat' dir='ltr'>In</span> <span class='ocrx_word' id='word_1_114' title='bbox 366 2656 499 2717; x_wconf 87' lang='lat' dir='ltr'>medium</span> <span class='ocrx_word' id='word_1_115' title='bbox 520 2656 600 2739; x_wconf 81' lang='lat' dir='ltr'>vigili</span> <span class='ocrx_word' id='word_1_116' title='bbox 621 2666 738 2715; x_wconf 84' lang='lat' dir='ltr'>stertere</span> <span class='ocrx_word' id='word_1_117' title='bbox 757 2674 830 2714; x_wconf 85' lang='lat' dir='ltr'>nere</span> <span class='ocrx_word' id='word_1_118' title='bbox 851 2652 941 2713; x_wconf 85' lang='lat' dir='ltr'>diem.</span> 
     </span>
    </p>
   </div>
   <div class='ocr_carea' id='block_1_7' title="bbox 176 2757 1105 2840">
    <p class='ocr_par' dir='ltr' id='par_1_13' title="bbox 176 2757 1105 2840">
     <span class='ocr_line' id='line_1_20' title="bbox 176 2757 1105 2840; baseline -0.006 -16"><span class='ocrx_word' id='word_1_119' title='bbox 176 2766 179 2772; x_wconf 88' lang='grc'><strong>’</strong></span> <span class='ocrx_word' id='word_1_120' title='bbox 266 2764 353 2824; x_wconf 81' lang='lat' dir='ltr'>Nunc</span> <span class='ocrx_word' id='word_1_121' title='bbox 373 2772 475 2821; x_wconf 82' lang='lat' dir='ltr'>temen</span> <span class='ocrx_word' id='word_1_122' title='bbox 494 2761 577 2822; x_wconf 90' lang='lat' dir='ltr'>haud</span> <span class='ocrx_word' id='word_1_123' title='bbox 598 2759 695 2820; x_wconf 88' lang='lat' dir='ltr'>solum</span> <span class='ocrx_word' id='word_1_124' title='bbox 715 2757 814 2840; x_wconf 84' lang='lat' dir='ltr'>fruges</span> <span class='ocrx_word' id='word_1_125' title='bbox 835 2757 1004 2840; x_wconf 68' lang='lat' dir='ltr'>disperdere</span> <span class='ocrx_word' id='word_1_126' title='bbox 1024 2759 1105 2834; x_wconf 83' lang='lat' dir='ltr'>neti,</span> 
     </span>
    </p>
   </div>
   <div class='ocr_carea' id='block_1_8' title="bbox 212 2862 1156 3992">
    <p class='ocr_par' dir='ltr' id='par_1_14' title="bbox 267 2862 1134 3364">
     <span class='ocr_line' id='line_1_21' title="bbox 306 2862 870 2948; baseline -0.009 -21"><span class='ocrx_word' id='word_1_127' title='bbox 306 2865 366 2927; x_wconf 76' lang='lat' dir='ltr'>Aut</span> <span class='ocrx_word' id='word_1_128' title='bbox 384 2867 455 2926; x_wconf 78' lang='lat' dir='ltr'>vino</span> <span class='ocrx_word' id='word_1_129' title='bbox 475 2864 581 2948; x_wconf 87' lang='lat' dir='ltr'>plenos</span> <span class='ocrx_word' id='word_1_130' title='bbox 600 2884 741 2924; x_wconf 79' lang='lat' dir='ltr'>evacuare</span> <span class='ocrx_word' id='word_1_131' title='bbox 763 2862 870 2923; x_wconf 88' lang='lat' dir='ltr'>cados:</span> 
     </span>
     <span class='ocr_line' id='line_1_22' title="bbox 267 2968 1097 3050; baseline -0.006 -19"><span class='ocrx_word' id='word_1_132' title='bbox 267 2971 483 3031; x_wconf 70' lang='lat' dir='ltr'>verumetiam</span> <span class='ocrx_word' id='word_1_133' title='bbox 502 2973 656 3030; x_wconf 84' lang='lat' dir='ltr'>insontum</span> <span class='ocrx_word' id='word_1_134' title='bbox 677 2968 785 3050; x_wconf 85' lang='lat' dir='ltr'>cupide</span> <span class='ocrx_word' id='word_1_135' title='bbox 806 2968 925 3050; x_wconf 87' lang='lat' dir='ltr'>deplere</span> <span class='ocrx_word' id='word_1_136' title='bbox 946 2989 1097 3042; x_wconf 88' lang='lat' dir='ltr'>eruorem,</span> 
     </span>
     <span class='ocr_line' id='line_1_23' title="bbox 306 3073 1062 3158; baseline -0.004 -22"><span class='ocrx_word' id='word_1_137' title='bbox 306 3077 403 3158; x_wconf 79' lang='lat' dir='ltr'>Atque</span> <span class='ocrx_word' id='word_1_138' title='bbox 425 3074 541 3135; x_wconf 82' lang='lat' dir='ltr'>avidam</span> <span class='ocrx_word' id='word_1_139' title='bbox 561 3074 695 3134; x_wconf 72' lang='lat' dir='ltr'>humend</span> <span class='ocrx_word' id='word_1_140' title='bbox 717 3094 805 3134; x_wconf 83' lang='lat' dir='ltr'>cerne</span> <span class='ocrx_word' id='word_1_141' title='bbox 827 3073 922 3138; x_wconf 86' lang='lat' dir='ltr'>levare</span> <span class='ocrx_word' id='word_1_142' title='bbox 943 3073 1062 3134; x_wconf 83' lang='lat' dir='ltr'>samem.</span> 
     </span>
     <span class='ocr_line' id='line_1_24' title="bbox 267 3177 1134 3261; baseline 0 -21"><span class='ocrx_word' id='word_1_143' title='bbox 267 3181 327 3240; x_wconf 83' lang='lat' dir='ltr'>Hoc</span> <span class='ocrx_word' id='word_1_144' title='bbox 347 3177 464 3251; x_wconf 70' lang='lat' dir='ltr'>lierda,</span> <span class='ocrx_word' id='word_1_145' title='bbox 485 3178 622 3261; x_wconf 82' lang='lat' dir='ltr'>Usipedes</span> <span class='ocrx_word' id='word_1_146' title='bbox 643 3177 758 3260; x_wconf 87' lang='lat' dir='ltr'>pridem</span> <span class='ocrx_word' id='word_1_147' title='bbox 779 3187 808 3237; x_wconf 84' lang='lat' dir='ltr'>et</span> <span class='ocrx_word' id='word_1_148' title='bbox 828 3177 1004 3258; x_wconf 79' lang='lat' dir='ltr'>Sparneides</span> <span class='ocrx_word' id='word_1_149' title='bbox 1021 3178 1134 3255; x_wconf 82' lang='lat' dir='ltr'>undae,</span> 
     </span>
     <span class='ocr_line' id='line_1_25' title="bbox 307 3282 995 3364; baseline -0.003 -20"><span class='ocrx_word' id='word_1_150' title='bbox 307 3285 394 3345; x_wconf 82' lang='lat' dir='ltr'>Nunc</span> <span class='ocrx_word' id='word_1_151' title='bbox 415 3283 505 3344; x_wconf 87' lang='lat' dir='ltr'>etiam</span> <span class='ocrx_word' id='word_1_152' title='bbox 527 3286 643 3345; x_wconf 78' lang='lat' dir='ltr'>Veteres</span> <span class='ocrx_word' id='word_1_153' title='bbox 663 3282 862 3343; x_wconf 79' lang='lat' dir='ltr'>testificantur</span> <span class='ocrx_word' id='word_1_154' title='bbox 883 3282 995 3364; x_wconf 79' lang='lat' dir='ltr'>Aquae.</span> 
     </span>
    </p>

    <p class='ocr_par' dir='ltr' id='par_1_15' title="bbox 212 3385 1156 3888">
     <span class='ocr_line' id='line_1_26' title="bbox 268 3385 1155 3470; baseline 0.002 -23"><span class='ocrx_word' id='word_1_155' title='bbox 268 3386 355 3466; x_wconf 81' lang='lat' dir='ltr'>Quod</span> <span class='ocrx_word' id='word_1_156' title='bbox 373 3397 475 3448; x_wconf 81' lang='lat' dir='ltr'>tamen</span> <span class='ocrx_word' id='word_1_157' title='bbox 497 3409 514 3447; x_wconf 92' lang='grc' dir='ltr'>ο</span> <span class='ocrx_word' id='word_1_158' title='bbox 535 3408 628 3470; x_wconf 84' lang='lat' dir='ltr'>genus</span> <span class='ocrx_word' id='word_1_159' title='bbox 647 3385 728 3446; x_wconf 78' lang='lat' dir='ltr'>hoe?</span> <span class='ocrx_word' id='word_1_160' title='bbox 748 3385 895 3445; x_wconf 77' lang='lat' dir='ltr'>Francisei</span> <span class='ocrx_word' id='word_1_161' title='bbox 910 3385 948 3445; x_wconf 91' lang='lat' dir='ltr'>de</span> <span class='ocrx_word' id='word_1_162' title='bbox 962 3407 1048 3470; x_wconf 81' lang='lat' dir='ltr'>grege</span> <span class='ocrx_word' id='word_1_163' title='bbox 1062 3388 1155 3470; x_wconf 88' lang='lat' dir='ltr'>porei,</span> 
     </span>
     <span class='ocr_line' id='line_1_27' title="bbox 309 3489 1130 3576; baseline 0.002 -24"><span class='ocrx_word' id='word_1_164' title='bbox 309 3497 448 3576; x_wconf 81' lang='lat' dir='ltr'>Quaeque</span> <span class='ocrx_word' id='word_1_165' title='bbox 469 3513 608 3566; x_wconf 88' lang='lat' dir='ltr'>crucem,</span> <span class='ocrx_word' id='word_1_166' title='bbox 628 3511 695 3551; x_wconf 76' lang='lat' dir='ltr'>rere</span> <span class='ocrx_word' id='word_1_167' title='bbox 716 3509 787 3570; x_wconf 81' lang='lat' dir='ltr'>gens</span> <span class='ocrx_word' id='word_1_168' title='bbox 808 3495 895 3549; x_wconf 85' lang='lat' dir='ltr'>eruce</span> <span class='ocrx_word' id='word_1_169' title='bbox 917 3489 1026 3574; x_wconf 83' lang='lat' dir='ltr'>digua,</span> <span class='ocrx_word' id='word_1_170' title='bbox 1047 3493 1130 3574; x_wconf 83' lang='lat' dir='ltr'>gerit.</span> 
     </span>
     <span class='ocr_line' id='line_1_28' title="bbox 268 3594 1156 3681; baseline 0 -23"><span class='ocrx_word' id='word_1_171' title='bbox 268 3601 364 3675; x_wconf 81' lang='lat' dir='ltr'>Quam</span> <span class='ocrx_word' id='word_1_172' title='bbox 383 3597 461 3658; x_wconf 88' lang='lat' dir='ltr'>bene</span> <span class='ocrx_word' id='word_1_173' title='bbox 483 3596 668 3656; x_wconf 86' lang='lat' dir='ltr'>conveniunt</span> <span class='ocrx_word' id='word_1_174' title='bbox 687 3603 782 3654; x_wconf 83' lang='lat' dir='ltr'>sectae</span> <span class='ocrx_word' id='word_1_175' title='bbox 805 3615 857 3655; x_wconf 88' lang='lat' dir='ltr'>sua</span> <span class='ocrx_word' id='word_1_176' title='bbox 873 3594 1011 3678; x_wconf 81' lang='lat' dir='ltr'>symbola</span> <span class='ocrx_word' id='word_1_177' title='bbox 1024 3598 1156 3681; x_wconf 73' lang='lat' dir='ltr'>utrique?</span> 
     </span>
     <span class='ocr_line' id='line_1_29' title="bbox 212 3695 1105 3783; baseline -0.006 -19"><span class='ocrx_word' id='word_1_178' title='bbox 212 3739 219 3752; x_wconf 89' lang='lat'><em>-</em></span> <span class='ocrx_word' id='word_1_179' title='bbox 309 3695 425 3764; x_wconf 86' lang='lat' dir='ltr'>Scilicet</span> <span class='ocrx_word' id='word_1_180' title='bbox 443 3700 518 3762; x_wconf 87' lang='lat' dir='ltr'>haee</span> <span class='ocrx_word' id='word_1_181' title='bbox 538 3700 653 3760; x_wconf 83' lang='lat' dir='ltr'>furcam</span> <span class='ocrx_word' id='word_1_182' title='bbox 674 3709 783 3782; x_wconf 71' lang='lat' dir='ltr'>gestet..</span> <span class='ocrx_word' id='word_1_183' title='bbox 803 3709 833 3759; x_wconf 86' lang='lat' dir='ltr'>et</span> <span class='ocrx_word' id='word_1_184' title='bbox 851 3699 926 3760; x_wconf 84' lang='lat' dir='ltr'>haec</span> <span class='ocrx_word' id='word_1_185' title='bbox 945 3700 1105 3783; x_wconf 82' lang='lat' dir='ltr'>laqueum,</span> 
     </span>
     <span class='ocr_line' id='line_1_30' title="bbox 267 3803 1081 3888; baseline -0.004 -23"><span class='ocrx_word' id='word_1_186' title='bbox 267 3805 348 3884; x_wconf 83' lang='lat' dir='ltr'>Quid</span> <span class='ocrx_word' id='word_1_187' title='bbox 368 3805 496 3887; x_wconf 72' lang='lat' dir='ltr'>querar?</span> <span class='ocrx_word' id='word_1_188' title='bbox 518 3814 560 3865; x_wconf 87' lang='lat' dir='ltr'>est</span> <span class='ocrx_word' id='word_1_189' title='bbox 580 3815 609 3864; x_wconf 86' lang='lat' dir='ltr'>et</span> <span class='ocrx_word' id='word_1_190' title='bbox 631 3805 684 3888; x_wconf 90' lang='lat' dir='ltr'>qui</span> <span class='ocrx_word' id='word_1_191' title='bbox 705 3803 818 3865; x_wconf 90' lang='lat' dir='ltr'>socium</span> <span class='ocrx_word' id='word_1_192' title='bbox 839 3825 868 3864; x_wconf 89' lang='lat' dir='ltr'>se</span> <span class='ocrx_word' id='word_1_193' title='bbox 885 3806 978 3887; x_wconf 80' lang='lat' dir='ltr'>jactet</span> <span class='ocrx_word' id='word_1_194' title='bbox 997 3805 1081 3866; x_wconf 76' lang='lat' dir='ltr'>lesu:</span> 
     </span>
    </p>

    <p class='ocr_par' dir='ltr' id='par_1_16' title="bbox 311 3907 928 3992">
     <span class='ocr_line' id='line_1_31' title="bbox 311 3907 928 3992; baseline -0.005 -23"><span class='ocrx_word' id='word_1_195' title='bbox 311 3911 334 3969; x_wconf 86' lang='lat'>0</span> <span class='ocrx_word' id='word_1_196' title='bbox 354 3911 468 3992; x_wconf 88' lang='lat' dir='ltr'>pudor,</span> <span class='ocrx_word' id='word_1_197' title='bbox 489 3932 507 3970; x_wconf 93' lang='grc' dir='ltr'><strong>ο</strong></span> <span class='ocrx_word' id='word_1_198' title='bbox 529 3921 621 3970; x_wconf 77' lang='lat' dir='ltr'>terrae</span> <span class='ocrx_word' id='word_1_199' title='bbox 634 3907 774 3989; x_wconf 82' lang='lat' dir='ltr'>&#39;pondera</span> <span class='ocrx_word' id='word_1_200' title='bbox 796 3907 928 3966; x_wconf 77' lang='lat' dir='ltr'>inutilia!</span> 
     </span>
    </p>
   </div>
   <div class='ocr_carea' id='block_1_9' title="bbox 0 0 1478 5002">
    <p class='ocr_par' dir='ltr' id='par_1_17' title="bbox 0 0 1478 5002">
     <span class='ocr_line' id='line_1_32' title="bbox 0 0 1478 5002; baseline 0 0"><span class='ocrx_word' id='word_1_201' title='bbox 0 0 1478 5002; x_wconf 95' lang='lat' dir='ltr'> </span> 
     </span>
    </p>
   </div>
  </div>
 </body>
</html>
