2930 4996
169 541 259 609 cinio
282 541 318 607 in
336 561 390 608 me
406 540 579 630 praestito,
597 531 721 607 cunctis
742 539 942 608 innotescere
965 537 1068 606 voluit
1084 540 1148 602 Tua

170 655 354 739 celsitudo,
390 655 471 721 dum
503 654 689 722 immerenti
707 703 715 739 ,
731 676 734 680 ·
751 667 882 741 extero,-
916 655 1045 746 ignoto,
1076 665 1148 718 eta

167 767 274 835 literis
299 791 402 857 prope
417 757 542 852 nudo,
576 767 620 834 ita
643 768 794 834 hesterna
816 769 889 837 luce
910 767 1149 859 patrocinatur,

172 881 216 949 ob
236 894 335 950 tenue
348 883 523 971 quoddam
549 893 582 948 et
599 880 682 949 exile
705 881 740 947 in
762 881 993 948 meliterarum
1012 880 1147 960 lumen,

171 1005 299 1061 utnon
323 993 466 1084 potuerit
491 993 642 1084 amplius.
688 997 795 1084 Atque
819 993 947 1060 utinam
976 1018 994 1059 a
1019 988 1149 1081 Superis

168 1128 208 1172 ea
231 1105 316 1172 mihi
339 1103 478 1172 vicissim
503 1107 699 1200 concedatur
713 1105 848 1173 facultas
862 1118 925 1191 ,ut
945 1102 1150 1172 lleroistanti
1234 1134 1241 1148 =

169 1218 461 1308 incomparabilem
476 1199 621 1288 ¹laudem
653 1219 757 1309 digno
788 1217 960 1309 praeconio
986 1217 1150 1284 celebrare

171 1332 308 1421 possim:
327 1345 413 1400 certe
432 1332 578 1400 inveniet
598 1355 667 1400 non
683 1332 832 1398 animum
852 1343 908 1398 aut
923 1327 1147 1410 'voluntatem,

170 1445 230 1510 sed
251 1443 335 1512 vires
357 1441 454 1511 citius
477 1457 576 1534 atque
598 1445 791 1512 industriam
816 1440 981 1512 defecisse.
1011 1440 1149 1508 Interim

73 1615 75 1622 .
170 1560 276 1624 lleum
300 1559 376 1646 Opt.
400 1561 482 1624 lllax.
508 1559 604 1625 enixe
633 1581 689 1626 oro
712 1571 810 1646 atque
835 1558 997 1642 obtestor,
1021 1567 1059 1621 ut
1080 1565 1151 1618 tan·

172 1684 245 1736 tum
267 1673 409 1737 Heroem
434 1669 616 1737 diutissime
638 1670 734 1738 nobis
765 1684 799 1738 et
825 1670 921 1736 Musis
952 1669 1151 1736 incolumem

173 1794 353 1867 muservet,
375 1776 621 1870 honoribusque
649 1782 857 1873 amplissimis
876 1783 1029 1864 cumulet.
1063 1784 1154 1850 Lon-

69 1941 71 1945 ·
105 1901 109 1908 '
172 1896 246 1962 dini
265 1893 410 1984 Septimo
437 1895 505 1964 Gal.
530 1894 702 1985 Aprileis.’'

218 2008 349 2076 Nemini
371 2020 482 2074 autem
504 2029 563 2097 pro
586 2003 754 2075 beneficiis
779 2010 885 2100 magis
908 2033 942 2078 se
962 2009 1154 2078 obstrictum

172 2118 351 2206 sentiebat,
387 2143 489 2210 quam
523 2143 583 2211 pro
625 2120 832 2190 institutione
866 2123 1031 2214 magistris
1067 2122 1156 2205 suis,

173 2233 294 2324 quibus
321 2246 484 2322 quanmm
502 2233 646 2302 deberet
674 2245 708 2298 et
741 2233 842 2323 probe
873 2234 1090 2323 perspiciebat
1121 2245 1154 2299 et
1221 2245 1225 2254 '

173 2345 325 2413 lubenter
353 2345 579 2436 profitebatur.
599 2327 722 2413 (tuter
746 2358 972 2434 praeceptore-s
996 2345 1066 2435 ejus
1087 2345 1156 2412 fuit

174 2457 310 2526 lacobus
335 2461 532 2551 Meysterus,
558 2456 608 2524 vir
626 2457 778 2554 inprimis
801 2459 933 2538 doctus,
956 2459 1047 2548 cujus
1074 2479 1156 2524 oon·-

174 2571 349 2639 suetlldisse
364 2571 475 2654 etiam,
492 2585 663 2663 postquam
675 2572 1022 2662 scholamsreliquerat,
1041 2573 1156 2638 uteba·
1251 2597 1256 2614 =

150 2727 152 2736 ι
174 2699 327 2766 tur‚oum
351 2707 502 2774 praesens
522 2687 557 2753 in
575 2687 681 2776 patria
702 2685 908 2767 versabatur,
938 2707 1080 2773 cumque
1100 2684 1155 2750 ab·

174 2808 247 2866 sens
277 2797 314 2864 in
344 2797 535 2890 regionibus
567 2799 758 2890 longinquis
801 2797 1016 2889 compellabat
1052 2796 1155 2866 literis

179 2909 437 2978 humanissimis.
492 2912 627 3002 Scripsit
663 2913 705 2979 ad
738 2917 934 3006 Meysterum
955 2935 1051 2979 suum
1074 2911 1153 3001 (1):''

177 3023 311 3090 Celebre
323 3036 371 3090 est
380 3024 574 3094 nobilissimi
589 3027 776 3116 philosophi
786 3017 923 3108 dictum,
933 3025 990 3114 qui
1002 3029 1156 3112 Praecep-

175 3135 237 3200 tori
261 3134 364 3200 ullam
386 3135 463 3203 satis
480 3137 616 3227 dignam
637 3139 773 3229 rependi
785 3140 925 3230 gratiam
939 3159 1046 3226 possse
1054 3158 1155 3224 nega·

175 3244 335 3335 vit:quae
355 3249 516 3315 sententia
538 3251 719 3346 maximum
742 3253 829 3342 apud
854 3274 919 3335 me,
940 3262 977 3316 ut
995 3270 1054 3338 par
1075 3237 1152 3331 fuit,

176 3357 305 3447 pondus
324 3381 453 3450 semper
469 3362 598 3449 habuit,
623 3365 838 3453 habituraque
852 3375 900 3430 cst
915 3363 996 3429 dum
1008 3362 1070 3428 hao
1081 3361 1155 3428 luce

177 3469 242 3538 frui
262 3472 458 3562 contigerit,
479 3497 638 3564 speroque
657 3489 860 3542 ostensurum
885 3499 939 3543 me
964 3475 1152 3565 aliquando,

177 3585 341 3671 quomodo
360 3607 428 3652 non
444 3585 557 3653 aetatis
578 3586 804 3678 incogitantia,
823 3601 879 3655 aut
892 3602 1028 3656 naturae
1044 3588 1155 3677 ingra-

177 3692 307 3775 titudo,
344 3710 402 3763 aut
444 3697 599 3789 temporis
634 3699 754 3790 injuria
795 3701 845 3767 tui
886 3699 1077 3769 memoriam
1116 3721 1155 3766 ex

178 3805 288 3875 animo
309 3809 510 3880 deleverint:
532 3814 615 3903 quin
635 3808 744 3905 potius
765 3815 957 3884 effecturum
971 3828 1008 3881 ut
1025 3813 1156 3882 benefi-

211 3943 248 4012 (l)
267 3948 309 4012 Ep.
326 3947 376 3998 Jac.
398 3949 521 4017 leystero.
540 3969 565 4019 p.
590 3954 632 4004 47.
653 3954 689 4004 Cf.
711 3971 735 4021 p.
762 3956 819 4005 127.

963 4052 983 4110 3
998 4048 1021 4093 qt
