2946 5002
819 382 860 442 50

357 555 444 646 cepit
454 568 487 622 et
498 553 632 622 difficile
643 567 677 622 et
687 555 883 624 laboriosum
896 557 930 623 iu
943 558 1192 650 primis,quoda
1202 563 1335 631 nornine

357 667 496 734 antchac
524 679 690 734 tentatum
716 680 786 734 erat
809 667 875 757 (1),
905 668 950 736 ita
975 671 1153 740 commodis
1179 674 1331 742 erudito-

356 801 429 845 rum
454 779 588 870 liuguae
608 780 748 848 Graecae
775 779 884 847 minus
912 781 1093 870 peritorum
1118 786 1248 874 egregie
1272 785 1334 851 in-

355 891 563 959 servivistis
589 890 736 958 dedicata
757 891 924 960 Francisco
946 891 1054 978 Dilfo,
1078 896 1217 964 Caesaris
1242 896 1338 986 apud
1456 947 1457 954 .

355 1006 481 1096 Regem
505 1003 643 1096 angliae
658 1008 789 1095 legato,
814 1004 959 1094 primum
974 1006 1104 1074 Parisiis
1123 1008 1169 1097 (2)
1195 1032 1223 1076 a.
1245 1014 1336 1074 1547

355 1138 405 1204 ap.
439 1120 503 1184 lac.
538 1115 705 1185 Gazellum
737 1116 770 1182 in
804 1123 838 1183 8⁰
863 1115 949 1184 edita
969 1129 1056 1184 sunt.
1113 1123 1202 1203 Quae
1223 1133 1335 1186 tamen

349 1228 455 1298 editio
475 1227 680 1320 negligentia
703 1228 902 1320 typographi
924 1228 1034 1296 minus
1053 1243 1199 1298 accurata
1216 1231 1332 1320 ostii).

679 1479 822 1546 lexicon
849 1478 1021 1546 Graecum.

362 1685 467 1747 ‘Jam
490 1693 585 1746 antea
610 1679 673 1745 hoc
696 1677 835 1746 lexicon
857 1677 983 1746 editum
1012 1691 1101 1762 erat,
1130 1700 1197 1766 quo
1222 1691 1329 1747 auteur

350 1815 437 1861 anno
451 1804 485 1860 et
504 1803 645 1871 auctore,
669 1787 898 1858 deficientibus
916 1789 1156 1878 antiquioribus
1175 1792 1329 1860 editioni·

349 1903 427 1986 bus,
449 1922 516 1969 nou
540 1910 666 1968 constat
688 1898 744 1987 (4).
784 1903 852 1968 Hoc
866 1923 957 1992 ,opus
981 1901 1097 1968 lunius
1122 1902 1263 1972 maximo
1278 1903 1327 1968 la-

352 2013 431 2080 bore
475 2025 509 2078 et
545 2007 732 2078 incredibili
766 2009 940 2102 diligentia
971 2009 1111 2078 infinitis
1148 2011 1217 2082 fere
1251 2014 1327 2082 loeis

334 2123 535 2206 emendavit
551 2137 585 2193 et
606 2129 692 2193 6500
712 2123 803 2192 noris
825 2123 951 2192 ornavit
968 2123 1117 2210 vocibus,
1135 2139 1172 2193 ut
1194 2127 1324 2194 Lexicou

347 2241 463 2328 quarta
482 2249 574 2328 parte
596 2247 728 2304 auctum
749 2232 846 2326 plane
869 2257 990 2304 novum
1012 2233 1116 2304 rideri
1141 2251 1248 2326 posset
1267 2238 1321 2328 (ὅ).

347 2349 436 2436 Quid
454 2351 489 2419 in
518 2349 575 2420 illo
597 2371 694 2440 opere
716 2347 786 2440 ipsc
808 2347 1022 2438 praestiterit,
1046 2370 1086 2416 ex
1108 2348 1250 2439 Epistola
1275 2350 1325 2416 de.

347 2464 412 2532 dic.
451 2463 600 2554 cognosci
624 2473 748 2553 potest,
769 2459 833 2528 uhi
856 2459 901 2526 ita
932 2459 1089 2548 loquitur.
1124 2461 1230 2528 »iiam
1255 2483 1325 2528 cum

348 2576 475 2644 assidua
501 2575 663 2658 lectione,
692 2573 853 2641 indefesso
879 2571 1004 2656 studio,
1030 2572 1135 2640 multo
1155 2573 1324 2664 pervigilio

250 2729 255 2744 ι
348 2687 444 2777 (absit
467 2686 564 2752 dietis
588 2685 725 2774 invidia)
757 2684 917 2773 quioquid
937 2683 1005 2752 fere
1027 2696 1116 2753 extat
1130 2687 1322 2754 Graecorum

262 2865 265 2870 Α
348 2801 384 2866 in
406 2819 526 2888 genere
549 2809 721 2881 autorum,
747 2797 906 2864 nonnulla
934 2797 1033 2864 etiam
1071 2797 1107 2862 iu
1134 2797 1249 2891 Italiac
1279 2799 1322 2864 bi-

347 2908 519 2978 bliothecis
537 2909 645 2976 adhuc
666 2911 836 2994 abstrusa,
861 2909 1048 2976 evolvissem
1073 2921 1106 2977 et
1135 2931 1174 2976 ex
1194 2909 1322 2978 thesau-

349 3023 394 3092 ris
428 3021 492 3090 illis
520 3021 667 3112 apiculae
702 3021 738 3088 in
770 3043 913 3106 morem,
943 3023 1030 3111 justa
1054 3022 1202 3090 Isocratis
1236 3045 1322 3112 prae·

349 3152 492 3231 coptum,
522 3135 669 3224 undiquc
696 3135 732 3200 in
755 3135 880 3201 alveum
894 3133 1085 3202 Dictionarii
1104 3135 1170 3201 mei
1185 3135 1322 3229 plurima

384 3323 423 3393 (1)
440 3325 477 3373 Gi.
496 3325 539 3388 up.
557 3323 584 3372 P.
604 3321 703 3371 ilannio.
718 3336 743 3386 p.
761 3319 803 3367 80.

383 3413 421 3483 (ἓ)
438 3415 498 3464 nala
513 3414 620 3466 Niosson.
638 3424 658 3464 t.
675 3415 700 3462 7.
718 3430 743 3479 p.
762 3411 820 3460 402.
840 3407 956 3474 Lugduni.

384 3505 423 3575 (3)
441 3505 479 3554 Gi.
497 3507 541 3571 Ep.
559 3507 628 3554 Corn.
645 3506 730 3554 Joanni
746 3520 771 3569 p.
789 3501 832 3551 45.
851 3510 875 3549 st
888 3503 933 3566 up.
948 3502 997 3551 Jac.
1017 3501 1141 3567 lieystero.
1159 3519 1184 3567 p.
1199 3505 1245 3551 aa.
1280 3502 1321 3552 Al·

269 3633 271 3638 -
349 3609 400 3648 tera
416 3606 441 3646 et
459 3593 602 3645 emendatior
621 3595 729 3662 deinceps
747 3593 837 3661 prodiit
853 3591 926 3642 editio
946 3588 1054 3658 lugduni
1069 3591 1131 3658 apud
1151 3593 1283 3662 Gryphium
1298 3595 1335 3642 ia.

349 3691 387 3743 80.
404 3689 442 3742 Gi.
461 3691 563 3740 Srreests
579 3685 637 3738 aiu.
655 3689 683 3737 a.
704 3703 729 3753 Ρ.
750 3689 794 3738 oe.

385 3787 422 3858 (4)
440 3789 545 3837 Forsitan
561 3787 674 3852 scriptum
691 3800 705 3833 a
724 3786 844 3852 (loratino,
861 3793 926 3834 certe
943 3783 1005 3832 hune
1021 3783 1124 3831 omnium
1142 3784 1246 3848 primunr
1264 3803 1323 3836 oon·

349 3882 449 3946 posuisse
467 3879 697 3928 Lexicon.(iraaenm
713 3875 822 3925 studiosis
839 3875 934 3943 apparet
952 3891 982 3922 ex
1000 3875 1102 3923 llataril.
1124 3890 1149 3940 p.
1165 3877 1226 3925 285.

326 4021 329 4028 ,
386 3970 423 4040 (6)
438 3973 475 4021 Ci.
494 3973 537 4036 up.
556 3971 583 4019 1³.
600 3969 699 4018 iiannio.
717 3984 742 4033 Ρ.
760 3969 794 4018 40
812 3979 838 4018 et
853 3975 885 4020 Δ.
902 3966 1063 4018 Birclunanno.
1083 3983 1107 4031 p.
1126 3967 1168 4015 70.
