2930 4996
542 319 646 394 '17

136 519 280 611 gravius.
327 519 434 604 Usque
466 512 547 580 adeo
586 523 624 578 ut
651 511 710 581 hos
744 507 914 581 versiculos
949 511 1109 579 extuderit

135 633 244 701 dolor.

312 835 375 900 »Qui
392 835 470 900 pingit
486 831 566 882 vultus
583 834 720 897 merituros,
736 848 812 880 annun
829 834 919 898 opima,

348 927 491 976 »Paucorum
507 925 617 974 horarum
633 925 733 991 praemia
750 923 827 988 largn,
850 927 914 990 capit

315 1019 376 1080 „Qui
392 1019 474 1083 pangit
490 1019 564 1081 Reges
581 1018 682 1065 victuros
699 1016 811 1081 carmine,
829 1013 912 1080 longus

346 1109 425 1173 »Quid
441 1107 506 1158 labor
522 1105 596 1158 huie?
613 1109 684 1157 vacui
699 1121 763 1173 posse
780 1107 856 1157 redire
874 1105 970 1156 mann.'’

184 1311 329 1380 Alteram
354 1308 464 1379 inveni
490 1309 667 1399 Epistolam
695 1309 810 1378 eodem
839 1317 986 1398 tempore
1008 1310 1112 1403 serip-

139 1437 211 1492 tam
232 1423 296 1514 (1),
314 1422 349 1488 in
372 1425 454 1511 quat
484 1433 521 1487 ut
542 1443 615 1488 aere
635 1419 741 1488 alieno
763 1420 974 1506 liberaretur,
988 1422 1111 1488 Perezii

136 1538 391 1608 beneficentiam
418 1537 563 1621 invocat,
594 1536 646 1602 his
672 1536 789 1604 verbis.
836 1539 925 1621 alu,
955 1536 981 1604 si
1012 1537 1110 1624 velis,

137 1653 238 1720 beare
263 1674 316 1718 me
345 1649 466 1742 poteris
498 1661 531 1717 et
552 1648 593 1715 ab
625 1649 707 1716 aeris
734 1647 833 1718 alieni
861 1670 958 1717 onere
986 1649 1110 1734 levare,

142 1763 246 1852 idque
265 1765 338 1848 tud,
361 1765 427 1852 qua
447 1761 568 1853 polles,
594 1761 793 1829 authoritate
814 1760 988 1829 maximi.''
1049 1767 1114 1832 Cu-

132 1878 191 1966 jus
216 1861 291 1944 r'ero
314 1874 435 1943 auxilio
455 1874 508 1942 his
528 1874 775 1942 difficultatibus
793 1876 962 1944 emerserit
984 1861 1129 1964 lunius(

139 2011 209 2056 non
235 2001 437 2078 compertum
461 1986 577 2055 habeo.
625 1987 719 2054 Brevi
744 2001 816 2078 post
835 1988 965 2057 videtur
984 1992 1113 2060 Londi-

137 2123 221 2167 num
249 2100 417 2189 reliquisse
444 2123 552 2189 neque
578 2099 713 2190 posthae
746 2099 783 2165 in
814 2101 968 2191 Angliam
988 2103 1113 2171 rediis-

137 2239 173 2282 se
197 2213 253 2304 (2).
300 2217 459 2282 Rerersus
484 2227 594 2282 autem
621 2213 657 2280 in
678 2213 818 2303 patriam
842 2217 970 2284 Hennae
994 2219 1116 2286 Harle-

136 2350 232 2394 mum
253 2327 425 2416 praetulit,
448 2326 483 2392 in
505 2329 571 2414 qud
594 2325 677 2392 urbe
701 2324 881 2391 amicitiam
905 2325 968 2391 sibi
986 2311 1131 2416 paravit

137 2437 303 2506 Lamberti
323 2439 392 2506 lae.
417 2462 435 2504 a
458 2439 610 2507 Roosrelt
629 2436 829 2505 Pensionarii
842 2437 900 2528 (3),
918 2461 936 2504 a
957 2460 1022 2527 quo
1033 2463 1116 2510 uxo·

138 2552 185 2619 ris
207 2575 246 2619 ex
266 2574 373 2619 sorore
393 2563 526 2642 neptem
547 2550 682 2618 Mariam
698 2548 949 2617 Wilhelminam
970 2552 1116 2620 Caesari-

139 2687 220 2732 nam
244 2662 401 2754 (Keizers)
423 2663 459 2730 in
484 2662 731 2732 matrimonium
757 2662 882 2753 aceepit
903 2661 960 2754 (t).
979 2667 1030 2731 'Ex
1052 2665 1116 2732 hae

137 2799 241 2845 uxore
263 2777 343 2844 duos
367 2774 508 2867 suscepit
530 2775 648 2843 liberos
672 2780 806 2842 Petrum
826 2788 860 2843 et
882 2775 1008 2844 Claram
1031 2777 1090 2868 (5).

181 2895 279 2958 Anno
291 2894 373 2958 1558
390 2889 518 2956 ridetur
527 2887 671 2957 Harlemi
678 2887 822 2956 scholam
838 2888 1001 2979 aperuisse
1011 2891 1117 2981 prive-

171 3100 210 3171 (l)
229 3105 271 3168 Ep.
290 3104 337 3152 ttS.
357 3102 469 3152 &analeo
486 3105 591 3153 Perezio.

170 3191 209 3260 (Β)
235 3194 329 3242 Annum
358 3194 433 3242 1568.
464 3194 580 3259 Epistulae
604 3195 663 3243 lano
686 3196 784 3246 Douzee.
808 3215 833 3262 p.
856 3200 916 3247 20⁰.
941 3201 1046 3264 spurium
1057 3216 1113 3264 ense,

134 3285 267 3334 verosimile
285 3293 333 3349 est,
353 3284 444 3335 nullum
461 3295 524 3334 oerte
542 3287 666 3352 vestigium
683 3286 741 3336 alibi
757 3290 783 3337 in
798 3288 886 3337 litteris
901 3289 972 3354 hujus
983 3291 1076 3340 itineris
1089 3293 1115 3342 in

136 3377 250 3441 Angliem
267 3378 354 3425 inveni.

171 3467 210 3536 (θ)
227 3471 311 3518 Postea
328 3471 412 3520 Consul
430 3472 456 3520 in
472 3471 591 3520 obsidione
608 3472 712 3522 Harlemi
729 3475 818 3524 nefarie
836 3472 965 3526 trucidatus
981 3487 1025 3528 est.

176 3557 214 3628 (4)
233 3559 270 3609 Gi.
292 3561 335 3626 Ep.
354 3563 381 3610 Ρ.
399 3562 520 3614 Vulcanio.
540 3580 564 3629 p.
584 3567 642 3614 179.

174 3650 216 3718 (d)
238 3651 276 3700 Ab
300 3653 328 3702 0.
351 3651 379 3701 de
403 3655 496 3720 liruyn,
519 3672 544 3720 p.
569 3656 621 3703 loe
644 3656 714 3722 dicit,
739 3667 815 3725 »quot
832 3662 915 3727 etqui
939 3659 1011 3710 {Iberi
1027 3676 1056 3708 ex
1073 3659 1117 3710 hoe

139 3745 288 3795 matrimonio
304 3747 352 3794 sint
368 3749 500 3812 progeniti,
519 3749 642 3814 necocia,
661 3767 704 3799 nee
720 3752 775 3800 seiri
792 3769 855 3818 posse
873 3751 1007 3804 existimo.¹'
1046 3755 1117 3821 Equi-

138 3838 194 3887 dem
216 3855 245 3886 ex
267 3837 361 3904 Prosop.
387 3838 467 3905 lunii,
492 3841 694 3907 auctoramenti,
719 3843 910 3911 eognovi,l1ano
933 3847 1034 3912 priorem
1050 3847 1118 3898 lunii

137 3947 235 3981 uxorem
252 3930 310 3980 dnos
325 3930 411 3980 liberos
427 3933 522 3982 Petrum
541 3943 565 3981 et
582 3933 671 3984 Claram
689 3938 814 4002 peperisse.
893 3937 903 3949 “

966 4035 985 4092 2
