2946 5002
845 331 885 395 82

378 509 468 603 typis
483 531 672 606 ⁴expressum
683 511 838 596 Basilese,
851 513 942 604 cujus
954 514 990 582 in
1004 517 1152 608 margine
1170 525 1358 595 annotatio·

375 645 435 692 nes
456 626 519 690 MS.
539 637 616 692 sunt
635 627 675 691 Η.
696 625 797 694 lunii.
837 629 877 694 ln
894 626 978 698 Vitis
994 629 1081 697 nihil
1096 630 1165 700 fere
1183 637 1357 704 annotavit

377 735 493 804 lunius
516 735 581 804 nisi
607 736 740 805 nomina
767 759 874 807 rerum
904 752 937 808 et
962 741 1136 811 hominum
1160 746 1203 815 de
1232 749 1356 837 quibus

378 849 499 942 agitur.
564 852 604 917 ln
625 850 798 919 lloralibus
820 863 930 920 autem
948 853 1135 944 frequentes
1158 858 1356 950 interposuit

378 961 612 1048 correctiones,
647 985 787 1052 quarum
817 964 899 1034 ratio
929 987 1179 1058 nonnumquam
1210 973 1355 1042 breviter

377 1076 566 1168 explicatur.
613 1077 776 1148 Plurimae
808 1092 917 1149 autem
943 1081 1236 1154 animadversiones
1259 1087 1356 1156 inre-

376 1190 514 1258 niuntur
537 1191 574 1259 in
588 1191 838 1276 Quaestionibus
854 1195 1089 1286 Symposiacis,
1118 1219 1200 1286 quas
1222 1223 1354 1290 separa-

377 1303 435 1372 tim
458 1327 489 1372 a.
517 1309 601 1372 1547
623 1304 739 1372 edidit.

775 1553 961 1624 Vitruvius.

420 1756 585 1828 tumbula
605 1735 874 1825 architectonicae
888 1758 972 1824 artis·
982 1759 1017 1826 in
1029 1757 1179 1830 Vitruvio
1191 1755 1349 1854 interpre-

375 1871 438 1938 tari
461 1892 631 1962 aggressus
662 1882 709 1936 est
716 1895 725 1955 3
754 1893 834 1937 num
859 1893 934 1940 vero
957 1871 1020 1941 hoc
1045 1895 1126 1965 opus
1148 1875 1280 1944 difficile
1308 1879 1348 1944 ad

374 1983 476 2052 finem
501 1981 710 2072 perduxerit,
732 1981 841 2050 dicere
860 2007 926 2052 non
953 1983 1057 2052 ausim
1075 1984 1131 2076 (l).

603 2229 709 2300 Notae
719 2237 760 2320 ,tir
775 2232 916 2301 Senecae
934 2235 972 2301 F
967 2231 1122 2302 urentem.

418 2435 457 2500 ln
472 2433 560 2500 hanc
575 2432 778 2524 tragoediam
794 2433 1018 2503 annotationes
1031 2435 1193 2526 scripsisse
1202 2435 1342 2520 lunium,

373 2545 518 2615 innotuit
548 2545 633 2614 milri
660 2569 699 2613 ex
729 2546 795 2612 vita
829 2546 918 2614 lunii
952 2571 970 2615 a
1000 2549 1069 2617 viro
1096 2548 1286 2618 Doctissimo
1306 2550 1343 2616 de

372 2659 474 2726 Bruin
497 2657 615 2749 scripta
629 2681 663 2748 p.
682 2665 758 2745 427,
776 2657 835 2726 ubi
850 2659 991 2750 legimus
1006 2661 1042 2727 in
1056 2665 1132 2730 nott
1154 2687 1172 2729 u
1185 2662 1341 2732 delebere.

373 2769 561 2842 ‹ttonitlius
587 2783 663 2840 ante
683 2772 754 2841 dies
774 2772 901 2862 aliquot
922 2775 965 2840 ad
984 2795 1039 2842 mc
1062 2774 1152 2842 misit
1173 2775 1292 2844 folium
1312 2776 1343 2841 in

371 2909 438 2976 quo
459 2884 602 2960 ineditae
621 2886 711 2954 lunii
731 2886 833 2955 nostri
856 2883 889 2954 in
914 2890 1055 2956 Senecae
1076 2887 1205 2980 Tragici
1228 2869 1344 2958 Furen-

372 3015 440 3069 tem
465 3003 588 3081 Notae,
618 2999 797 3090 descriptae
828 3023 867 3068 ex
895 3001 1126 3092 Autographo,
1154 3003 1246 3089 quod
1270 3002 1343 3070 olim

292 3111 297 3122 “
371 3115 518 3182 delatum
546 3112 654 3180 fuerat
685 3111 720 3177 in
745 3106 978 3182 bibliothecam
1009 3111 1143 3180 celebris
1169 3113 1343 3182 Literarum

370 3225 502 3295 cultoris
540 3224 672 3314 losephi
705 3221 864 3294 Valettae.
928 3228 996 3291 liae
1024 3236 1119 3292 notae
1152 3247 1209 3292 seu
1242 3225 1343 3315 potius

367 3338 492 3406 scholia
522 3337 709 3406 brevissima
743 3335 878 3404 fortasse
915 3346 1070 3425 sequente
1105 3348 1198 3424 parte
1231 3337 1342 3404 harum

368 3450 629 3522 observationum
650 3473 726 3518 eum
743 3449 822 3519 orbe
839 3449 967 3519 erudito
982 3448 1340 3547 communicabantur.”

368 3583 398 3614 sx
416 3565 462 3614 lis.
478 3564 567 3614 Hanov.
586 3583 614 3614 a.
626 3568 695 3616 16⁰5
712 3568 737 3615 in
757 3583 826 3632 opere
845 3583 886 3615 suo
899 3565 1061 3616 Grammatr'ci
1076 3573 1178 3615 osterse.
1193 3563 1241 3634 (Cf.
1258 3565 1342 3614 labris.
1454 3619 1455 3624 ¹

366 3655 429 3706 utet.
455 3636 523 3706 met.
544 3665 568 3704 u
591 3637 636 3705 inf.
654 3657 704 3706 nt.
716 3657 769 3706 vu.
788 3659 809 3708 v
825 3673 849 3723 p.
869 3656 923 3725 so.)
939 3657 1057 3708 tremes
1075 3674 1144 3723 opere
1163 3657 1239 3706 servu
1251 3655 1340 3704 lustru
1454 3633 1455 3720 i

371 3754 417 3801 dre
432 3751 461 3801 dc
476 3751 582 3817 pedihus
600 3766 716 3806 versuum
734 3767 778 3800 reat
791 3759 887 3801 cccmus
901 3755 984 3802 metris
1002 3753 1102 3799 insertas
1122 3759 1163 3798 est.
1290 3743 1294 3751 ’

402 3841 438 3910 (i)
456 3843 492 3893 Cf.
513 3845 555 3908 tp.
574 3843 604 3893 Α.
621 3841 739 3892 Theodoro
758 3860 786 3908 p.
804 3846 862 3894 tut.
893 3860 897 3866 ’

515 3959 549 3974 ·-··
573 3937 600 3985 P.
617 3935 707 3985 Nunnio
769 3967 784 3983 .
801 3937 860 3988 ³20.
