2946 5002
585 365 624 426 45

161 533 273 613 Priore
291 565 390 613 uxore
405 546 546 627 mortui,
555 511 558 518 ⁴
567 542 682 610 Junius
703 542 797 608 duxit
812 552 921 633 postea
935 545 1093 612 Hadria-

113 685 196 728 num
204 653 739 746 Haaselon'am‚quaeKenaviam
753 653 1093 726 illamHarlemensem
1151 658 1157 672 '

113 794 262 840 sororem
273 769 400 838 habuit.
421 772 618 858 Supererant
631 780 703 859 post
720 767 810 837 Junii
824 780 967 844 mortem
979 792 1018 844 ex
1030 769 1095 838 hoc

9 965 10 968 Ἴ
113 882 284 951 connubio
304 895 401 949 natae
415 904 470 949 sex
490 879 598 966 filiae;
617 879 788 970 dequibus
802 879 886 968 quid
899 880 1023 948 factum
1039 881 1092 967 sit,

113 993 296 1063 memoriae
322 1016 390 1062 non
419 992 587 1084 proditum
612 1004 660 1060 est
686 991 742 1083 (1).
789 995 913 1059 Haecoe
938 993 1095 1082 posterior

9 1109 11 1115 ’
115 1129 200 1175 uxor
218 1105 396 1196 supervixit
423 1105 532 1174 iunio.
572 1105 636 1176 Vix
658 1118 770 1174 tamen
794 1105 1093 1196 crederepossum,

115 1218 209 1308 quod
235 1217 336 1288 refert
359 1223 458 1286 Janus
481 1220 613 1303 Douza,
634 1241 707 1286 eam
726 1241 802 1285 cum
825 1217 1095 1322 Junioxoonjune·

9 1339 11 1342 ’
114 1346 187 1399 tam
213 1331 332 1422 viginti
352 1354 455 1400 annos
479 1331 605 1398 vixisse.

667 1482 698 1496 -
714 1456 817 1506 Ariadna
834 1486 866 1495 -

343 1551 436 1614 Viginti
455 1565 544 1598 meeum
562 1565 622 1614 quae
640 1549 725 1597 mansit
743 1549 769 1597 in
788 1565 871 1612 annos,

377 1643 452 1709 Seque
464 1637 529 1690 ¹dolet
547 1641 610 1689 sitae
628 1658 689 1689 nune
706 1657 823 1706 superesse
841 1657 914 1690 meae·

163 1782 295 1850 Nullam
312 1780 403 1850 enim
416 1782 515 1871 hujus
533 1781 640 1850 uxoris
661 1780 741 1848 facit
758 1781 960 1852 mentionem
980 1782 1095 1850 iunius

119 1897 157 1964 in
190 1895 394 1964 enarratione
417 1895 584 1979 fatorum,
620 1917 704 1984 quae
734 1895 876 1963 habetur
898 1896 935 1963 in
953 1897 1095 1987 Epistolt

118 2013 157 2076 P.
180 2008 340 2080 Vulcanio
366 2032 396 2075 a.
420 2013 505 2076 1559
528 2006 659 2098 scripti.

63 2155 70 2164 ·
165 2122 212 2190 De
239 2125 280 2188 H.
311 2119 400 2188 Junii
424 2101 609 2208 insignibus
635 2118 813 2209 gentilibus
841 2120 967 2190 mentio
989 2136 1037 2190 est
1061 2123 1097 2189 in

118 2233 263 2324 Epistola
280 2236 374 2302 Corn.
397 2231 636 2323 Poelenburgio
655 2254 689 2320 p.
715 2238 790 2315 282,
809 2231 862 2299 eui
883 2232 987 2301 mittit
1016 2235 1097 2301 »in-

118 2347 228 2438 signia
249 2360 429 2438 utcumque
451 2371 469 2413 a
494 2369 528 2414 se
550 2366 695 2435 expressa
724 2355 757 2410 et
780 2343 970 2412 Boresteinii
997 2354 1095 2434 operat

119 2460 281 2530 coloribus
312 2460 510 2528 illustrata:''
538 2457 651 2526 uthis
683 2455 869 2548 insignibus
895 2456 932 2523 in
964 2458 1096 2540 aedium

118 2576 280 2640 suncturt
303 2571 412 2640 loeum
443 2570 573 2640 eederet
600 2567 877 2660 Poelenburgius,
910 2570 1001 2658 quod
1028 2584 1097 2639 erat

116 2684 252 2776 siguum
268 2678 443 2752 amicitiae.

118 2873 146 2912 ut
156 2865 229 2913 etiam
239 2864 407 2914 Annotatioues
417 2863 512 2912 criticae
523 2863 548 2910 in
561 2860 656 2911 suitam
666 2861 837 2929 autographae5
859 2862 918 2929 quid
930 2880 984 2912 sero
996 2862 1025 2912 de
1037 2873 1108 2912 oete·-

119 2957 151 3003 ris
160 2954 199 3004 his
208 2956 301 3021 scriptis
311 2955 398 3014 foetum
409 2955 449 3018 sit,
461 2962 603 3020 compertum
614 2969 661 3003 uon
671 2953 754 3003 habeo.
773 2953 865 3003 Protin
881 2954 1039 3020 EpIstolurum
1058 2972 1097 3005 vo·

120 3045 199 3097 lumen
207 3048 274 3097 aunis
285 3049 318 3097 4⁰
329 3057 381 3113 post
392 3045 448 3096 Alb.
460 3046 564 3096 Verlunii
577 3056 674 3095 mortem
685 3046 795 3095 Dordraei
805 3046 866 3112 apud
873 3047 942 3097 Vino.
953 3049 1047 3098 Caimux
1056 3047 1097 3097 setl

119 3141 183 3206 eujus
199 3141 254 3189 auri
266 3156 313 3189 uon
324 3148 421 3188 constat.
458 3139 499 3188 liis
515 3138 624 3205 Epistolis
643 3141 773 3205 praeposita
792 3147 826 3187 est
843 3139 911 3190 Junii
926 3141 981 3188 viu
996 3143 1098 3188 auctoris

120 3233 168 3281 siue
179 3233 289 3296 nomine,
308 3247 355 3297 quo
367 3227 483 3280 ince'rtum
493 3247 553 3297 quae
577 3230 635 3280 fides
646 3231 701 3280 huic
724 3231 793 3280 Vitae
805 3230 928 3280 tribuenda
948 3233 988 3279 sit.
1014 3232 1098 3280 liirum

122 3334 168 3387 est,
192 3321 274 3371 eodem
291 3339 350 3371 anuo
372 3319 461 3390 (1⁰52)
480 3338 562 3370 novum
571 3321 679 3371 Dordruei
691 3322 752 3388 apud
764 3321 863 3371 eundem
879 3324 973 3371 Caimax
991 3325 1098 3372 Batoviae

122 3415 249 3465 editionem
266 3414 389 3481 prodiisse.
413 3415 517 3480 Utraque
529 3413 602 3462 editio
613 3423 664 3464 turn
673 3415 781 3463 Butuviue
790 3423 841 3463 tum
852 3413 1007 3481 Epistolarum
1019 3415 1099 3464 eidem

123 3509 186 3556 iooue
203 3509 234 3556 Η.
246 3508 313 3557 Juuii
330 3517 410 3556 ornata
427 3516 463 3555 est
478 3523 530 3555 cum
540 3505 671 3571 insignibus
687 3505 790 3570 ejusdem
807 3517 831 3554 et
848 3508 1018 3573 Epigrammate
1034 3509 1099 3557 Petri

122 3601 239 3652 Seriverii.
257 3602 321 3664 Quae
331 3600 440 3667 opusculo
457 3600 478 3648 si
487 3603 572 3664 majore
584 3601 639 3648 curi
652 3610 677 3648 et
688 3599 811 3664 diligentis
823 3611 898 3650 esseut
909 3601 981 3668 edita,
994 3621 1040 3651 nou
1049 3602 1099 3650 siue

123 3695 264 3760 serispeuie,
278 3695 405 3742 Hominum
416 3694 546 3742 brunonem
557 3709 637 3742 eorum
647 3691 774 3742 editionem
788 3709 886 3760 curasse,
898 3696 1032 3761 suspicarer.
1106 3709 1110 3714 ·

157 3783 193 3853 (l)
211 3787 247 3835 Cf.
259 3787 314 3835 Jaui
325 3787 415 3834 Musae
424 3786 521 3851 Prosop:

295 3879 358 3940 Quot
367 3873 595 3944 superentquaeris?
607 3904 640 3915 -
652 3888 685 3915 -’
699 3901 729 3914 -

291 3995 323 4006 -
341 3995 375 4006 -
390 3993 417 4006 -
432 3984 470 4016 sex
482 3970 573 4034 peperit
584 3985 640 4035 quus
651 3968 765 4034 Ariadna,
779 3969 844 4018 mibi.
