2930 4996
600 411 680 421 “““·
1096 401 1137 444 ’ΧῙ

144 561 287 648 patriae
320 567 455 624 nostrae
483 559 633 626 historia
664 568 709 625 et·
728 555 992 651 antiquitatibus.
1040 560 1136 626 llrat

151 671 212 736 ille
236 669 364 760 quadem
389 672 632 738 maecenas
648 681 681 739 et
692 674 967 762 jucundissimus,
982 683 1019 739 ut
1039 656 1137 765 saepe

152 784 271 850 deebius
293 785 483 870 haererem,
502 795 614 852 utrum
635 791 751 878 magis
768 788 901 855 dicendi
917 793 982 854 eim
1006 797 1038 852 et
1052 811 1138 877 gra·

151 902 297 983 m'tatem,
318 923 363 965 an
376 922 453 966 uero
470 905 597 994 coptam
615 911 648 966 et
668 905 862 968 manitatem
881 905 918 966 in
931 925 973 976 eo
986 902 1139 968 admira-

152 1035 266 1078 rarer.
298 1011 395 1099 Quod
416 1037 523 1105 genus
548 1015 682 1082 dicendi
706 1018 837 1082 oratori
858 1037 929 1114 esse
950 1015 1138 1105 eligendum

153 1133 263 1191 censet
297 1124 411 1194 Cicero
444 1129 486 1193 de
516 1126 659 1194 Oratore
685 1130 719 1194 L.
745 1133 777 1193 3.
802 1149 831 1193 c.
855 1131 909 1192 25.
932 1128 992 1193 hoc
1013 1138 1088 1194 erat
1109 1133 1142 1194 ei

145 1243 344 1328 preprium,
379 1246 441 1329 qui
468 1263 614 1308 sermone
641 1245 785 1308 manime
816 1247 940 1306 teneret
968 1241 1137 1307 audientes

154 1360 187 1418 et
205 1375 268 1417 non
289 1354 392 1418 solum
411 1354 591 1421 delectaret
613 1357 675 1422 sed
694 1359 793 1421 etiam
813 1357 885 1420 sine
901 1357 1055 1419 satietate
1071 1355 1140 1420 'de-

153 1444 315 1532 lectarets
349 1466 410 1534 Ad
436 1468 497 1533 has
522 1472 629 1534 animi
646 1472 835 1560 ingeniique
855 1467 946 1533 dotes
968 1467 1140 1534 accedebat

153 1581 244 1652 mira
269 1579 430 1644 candoris
457 1589 490 1644 et
511 1582 697 1669 probitatis
723 1579 947 1674 significatio,
975 1588 1013 1644 ut
1042 1603 1140 1669 quum

154 1713 226 1756 eum
247 1692 463 1776 medimssem,
482 1697 552 1757 noa
568 1693 712 1778 doctior,
735 1675 823 1760 certe
840 1695 968 1775 melior,
984 1699 1082 1781 quam
1093 1693 1143 1759 ad

154 1805 249 1870 illum
279 1827 447 1889 ueneram,
481 1807 522 1872 ab
548 1830 585 1873 eo
605 1830 734 1898 semper
753 1807 965 1872 discederem.
1011 1805 1141 1895 Nequa-

155 1940 256 2006 quam
276 1927 382 1984 autem
402 1942 471 1986 meo
487 1924 579 1985 tenui
596 1921 919 2010 indigetpraeccnio
933 1920 1029 1987 illius
1039 1920 1141 2008 fama

155 2031 349 2114 doctrinae,
384 2035 439 2097 cui
461 2034 707 2123 comparandae
736 2036 823 2098 satis
845 2034 922 2122 fouit
950 2034 1084 2122 largum
1111 2037 1144 2098 ei
1216 2113 1220 2125 ι

155 2147 242 2209 citae
267 2149 435 2235 spatenm;
458 2145 520 2212 hac
540 2169 617 2212 vero
642 2149 894 2241 opportunitate,
913 2168 997 2233 quae
1006 2147 1145 2234 fiuem'nt
1217 2119 1232 2142 ⁶

157 2260 273 2345 optimi
294 2262 397 2324 amici
414 2262 449 2323 in
473 2282 523 2323 me
545 2257 835 2337 montascinum
856 2261 1053 2346 praeterere
1080 2261 1140 2322 in-

156 2372 255 2458 grati
276 2381 362 2436 esset
387 2375 496 2437 animi
518 2375 660 2461 sepum.
704 2368 825 2435 Nescio
842 2370 959 2434 horum
980 2391 1025 2433 an
1052 2371 1143 2437 illud

161 2479 339 2548 monimum
355 2488 416 2568 sit,
443 2484 533 2573 quod
544 2507 593 2548 me
612 2485 650 2548 in
671 2482 924 2547 dissertationis
946 2491 1141 2571 argumento

161 2597 343 2684 quaerendo
361 2595 560 2664 adhortatus
578 2604 648 2680 est,
675 2604 713 2660 ut
735 2593 915 2660 Hadriani
939 2594 1054 2674 lunii,
1075 2618 1140 2660 cu-

149 2709 210 2796 jus
231 2712 339 2799 paulo
362 2718 439 2775 ante
468 2711 661 2775 historimm
675 2707 783 2795 fidem
820 2711 893 2799 ipse
928 2705 1138 2797 defenderat,

158 2827 258 2890 citam
285 2846 346 2913 ego
370 2844 563 2912 exponerem
581 2831 613 2886 et
631 2825 762 2911 sumpta
782 2842 995 2888 recenserem,
1016 2821 1139 2888 Laetus

155 2915 198 3003 de
222 2948 291 3002 tam
321 2936 622 3026 benegnoconsilio
651 2957 766 3000 munus
794 2935 939 2999 lubenter
967 2939 1081 3024 accepi
1108 2945 1140 3000 et

158 3053 301 3116 laborem
319 3051 495 3114 alacriter
528 3069 711 3140 aggressus
739 3069 835 3125 sum;
866 3051 1138 3113 verumenimvero

1 3157 2 3244 f
120 3159 125 3170 ’
158 3173 271 3229 tantae
304 3185 339 3226 se
371 3164 406 3226 in
434 3164 588 3244 materie,
622 3183 718 3250 quam
750 3163 856 3225 sumsi
883 3160 1135 3242 elaborandam,

150 3275 334 3366 offerebant
358 3275 589 3365 dffeultates,
617 3297 676 3341 eae
699 3283 737 3338 ut
756 3277 846 3338 m'res
869 3293 959 3336 meas
976 3292 1138 3360 superare

157 3391 372 3466 viderentur;
397 3388 600 3477 quamobrem
624 3410 700 3462 mon
719 3389 812 3476 coepi
822 3387 1030 3476 procinctam
1047 3384 1138 3451 dela·

160 3512 225 3570 tam
251 3523 406 3568 recusare
425 3509 458 3565 et
479 3510 597 3591 petere
605 3521 679 3589 par
694 3503 807 3590 potius
827 3502 960 3588 exiguis
983 3501 1066 3563 meis
1089 3502 1135 3562 a·-

159 3619 249 3682 ribus
270 3637 385 3682 munus
403 3613 487 3678 mihi
509 3617 698 3702 imponeret.
714 3653 717 3660 ·
731 3610 799 3677 Ille
815 3621 938 3695 antem,
954 3635 1022 3703 pro
1036 3612 1140 3678 soliti

157 3734 274 3821 ipsius·
286 3751 370 3818 erga
393 3749 443 3792 me
461 3717 694 3820 benevolentid,
718 3729 854 3791 comiter
874 3749 925 3790 me
949 3725 1136 3802 admonuit,

151 3850 244 3931 justo
264 3865 305 3907 ne
328 3843 430 3908 citius
453 3841 598 3904 animum
623 3837 814 3927 deponerem
837 3859 1020 3926 omnemque
1046 3860 1138 3903 scru-

153 3959 269 4046 pulum
306 3963 337 4020 et
371 3954 616 4020 haesitationem
640 3952 725 4016 mila
748 3955 895 4040 eremit,¹
916 3937 984 4016 sua'
999 3955 1139 4040 promot-
