2930 4996
645 411 686 471 33

160 593 298 685 regione
323 599 501 656 versaretur
531 586 574 654 ad
604 587 753 655 omnium
785 589 936 679 gentium
963 612 1068 659 mores
1097 591 1150 659 lu-

162 707 282 774 benter
315 725 347 770 se
382 713 592 790 componeret
624 713 658 768 et
692 699 737 766 ita
773 699 926 792 degeret,
963 716 1002 769 ut
1033 705 1149 773 eodem

163 820 237 886 loeo
258 829 352 884 nutus
377 828 412 882 et
432 813 588 882 educatus
608 813 782 881 videretur.
828 815 1022 884 Danieorum
1042 816 1147 885 solum

164 953 198 998 se
219 929 363 998 moribus
384 927 628 996 accommodare
651 948 718 994 non
733 925 854 1016 potuit,
873 928 966 1016 eujus
981 929 1088 1019 gentis
1100 952 1148 996 as-

162 1041 337 1131 peritatem
360 1039 457 1106 homo
481 1039 626 1106 excultus
653 1051 686 1106 et
710 1037 830 1128 politus
854 1037 940 1106 ferre
961 1063 1028 1108 non
1053 1055 1148 1131 poto-

160 1167 222 1220 rat.
269 1150 469 1240 Sequebatur
488 1150 689 1240 paroemiam
709 1146 811 1216 illam:
836 1153 961 1218 »Nouos
981 1154 1145 1240 parandos

160 1287 235 1342 esse¹
261 1264 399 1347 amieos,
431 1285 498 1330 non
523 1262 682 1353 neglectis
707 1262 840 1330 interim
873 1262 1060 1344 veteribus,
1087 1279 1145 1332 at-

160 1397 227 1465 que
252 1397 305 1442 eos
324 1373 461 1462 quidem
486 1373 580 1440 nobis
603 1397 669 1442 esse
693 1374 943 1465 adjungendos,
962 1397 1043 1464 quos
1061 1376 1145 1444 vitae

159 1485 347 1555 innocentia
380 1496 414 1553 et
442 1485 629 1576 integritas,
665 1509 794 1554 morum
825 1486 1019 1574 dexteritas,
1054 1487 1145 1578 frugi

159 1622 281 1680 sermo,
315 1598 457 1666 eruditio
486 1621 693 1690 nequaquam
728 1599 889 1689 vulgaris,
924 1599 1001 1666 viris
1035 1601 1145 1690 probis

160 1709 407 1794 oommendent,
437 1709 540 1777 doctis
564 1709 727 1795 laudatos,
746 1710 900 1778 omnibus
920 1711 1018 1779 etiem
1038 1713 1145 1803 suspi-

159 1824 289 1892 ciendos
316 1822 463 1890 reddunt
488 1824 571 1910 (1).''
605 1825 676 1906 Quo
693 1822 818 1889 factum
844 1836 914 1909 est,
934 1836 973 1891 ut
996 1826 1145 1917 egregios

118 1928 126 1942 '
158 1934 379 2002 eonciliarerit
395 1932 604 2000 sibi'amieos.
624 1936 705 2001 Cum
726 1933 864 2025 alicujus
879 1934 1057 2003 amicitiam
1082 1938 1144 2005 sibi

157 2061 316 2139 parasset,
344 2071 416 2115 earn
442 2041 570 2116 'serrare
595 2048 748 2116 studebat
769 2049 848 2116 boni
875 2051 1021 2143 uertique
1047 2052 1144 2119 amiei

157 2162 265 2230 officia
291 2161 483 2252 praestando
507 2161 576 2250 (2),
604 2162 796 2250 nullamque
822 2164 969 2254 neglexit
1003 2165 1144 2233 occasio-

156 2299 247 2362 nem,
263 2275 394 2364 quando
404 2274 457 2342 vel
471 2273 604 2342 oonsilio
615 2274 666 2341 vel
676 2297 738 2363 ope
758 2273 871 2341 amieis
888 2275 998 2342 adesse
1005 2289 1142 2364 poterat.

204 2391 339 2476 Semper
360 2399 491 2477 paratus
514 2409 551 2454 ae
575 2398 723 2477 promtus
750 2397 817 2453 eret
842 2385 885 2452 ad
900 2386 1073 2485 'auxilium
1096 2411 1145 2456 ro·

157 2500 314 2592 gentibus
352 2500 545 2586 ferendum,
581 2500 673 2590 eujus
713 2499 761 2567 rei
799 2501 901 2567 multa
938 2511 1064 2567 exstant
1107 2500 1144 2566 in

156 2612 311 2701 Epistolis
333 2611 519 2680 testimonia
533 2612 591 2704 (3).
606 2611 760 2703 Quisquis
780 2634 877 2703 opem
898 2611 967 2702 ejus
987 2612 1144 2702 implora-

156 2739 271 2810 verat,
303 2724 449 2814 quamvis
472 2725 604 2816 ignotus
630 2738 730 2810 esset,
754 2747 830 2793 eum
853 2725 1042 2816 adjuvabat3
1062 2725 1143 2794 boni

156 2837 249 2906 enim
279 2836 358 2904 ciris
380 2837 522 2905 ducebat
543 2836 711 2922 officium,
734 2837 931 2906 »demittere
953 2861 988 2906 se
1010 2837 1046 2904 in
1068 2861 1145 2906 eau-

156 2973 230 3016 sam
248 2950 391 3036 eivium,
414 2973 528 3019 eorum
553 2950 650 3018 saluti
671 2952 849 3037 consulere,
872 2951 1053 3020 insontium
1068 2975 1143 3044 opes

157 3076 193 3130 et
228 3063 376 3132 fortunas
414 3086 474 3154 pro
507 3062 630 3130 viribus
661 3076 859 3149 sustentare,
898 3064 1084 3154 perieulum
1124 3089 1142 3130 a

156 3175 360 3261 cervicibus,
385 3186 545 3265 quantum
568 3174 695 3265 inipso
718 3175 780 3256 sit,
803 3175 1001 3268 depellere(
1021 3173 1069 3264 ).''
1086 3174 1140 3257 lis,

156 3351 223 3402 etde
235 3352 584 3419 aliisluniiamicispraeterea
603 3353 662 3402 mihi
680 3353 789 3420 praebuit
806 3349 963 3400 eulmadveru
979 3351 1021 3400 Vir
1038 3349 1094 3400 clar.
1113 3353 1142 3400 de

161 3447 257 3513 Crono,
269 3445 376 3495 multost
388 3448 435 3513 ipse
448 3464 477 3495 ex
489 3445 598 3512 Epistolis
609 3448 623 3495 J
626 3447 676 3496 unii
694 3444 810 3510 congessi,
826 3461 885 3510 quae
896 3441 1007 3493 lubenter
1019 3445 1089 3494 etiem
1099 3442 1142 3492 ad·
1159 3485 1164 3496 .

155 3535 297 3602 scriberem,
310 3539 354 3586 nisi
367 3540 440 3602 justos
452 3535 607 3586 adnotationis
616 3538 726 3586 terminos
738 3533 869 3600 transgredi
881 3552 982 3584 vererer.

193 3624 232 3694 (1)
258 3629 295 3678 Cf.
314 3629 358 3694 Ep.
374 3645 399 3694 p.
423 3631 463 3678 16.
495 3629 567 3692 Qme,
582 3637 614 3676 ut
631 3627 688 3677 mihi
707 3644 735 3675 ex
753 3627 799 3676 MS.
819 3629 898 3677 Burm.
917 3626 1014 3676 Collect.
1023 3627 1140 3692 apparuit,

159 3719 235 3769 llndr.
253 3720 325 3769 lunio
343 3719 489 3771 llordraeeno
505 3722 591 3786 scripta
608 3730 651 3768 est.

192 3809 229 3879 (2)
248 3811 285 3860 (ll.
305 3813 348 3878 up.
368 3813 393 3862 J.
409 3814 489 3862 Pisoni
506 3812 566 3862 Clir.
586 3829 610 3877 p.
630 3813 674 3860 95.

194 3901 232 3972 (s)
251 3904 288 3954 ct.
306 3913 329 3970 p.
348 3905 392 3969 aa,
410 3906 461 3954 toa
494 3905 559 3970 eea,
577 3906 645 3969 eat,
663 3895 731 3969 ets,
750 3905 809 3954 aso.

192 3995 230 4064 (4)
249 3997 285 4046 Cl.
305 3999 348 4064 up.
367 3998 463 4047 Senatui
478 4000 590 4062 Bergano.
608 4013 634 4062 p.
654 3997 712 4044 247.
