2946 5002
517 1049 700 1122 CAPUT
733 1048 763 1117 1.

257 1301 371 1351 HADR.
402 1301 488 1350 tortu
512 1300 642 1358 OPERA,
666 1299 757 1360 QUAE
781 1297 857 1347 IPSE
886 1296 1018 1347 EDIDIT.

558 1568 712 1596 ...Q——

436 1775 572 1844 casatos
594 1775 855 1868 lotrosoplrt'ato.

196 1982 361 2068 Primum,
384 1979 475 2070 quod
496 1980 533 2048 in
558 1980 664 2048 luoem
689 1979 780 2048 misit
804 1979 938 2066 tonius,
959 2002 1040 2071 opus
1066 1981 1131 2050 fuit

150 2093 251 2166 Cassii
274 2092 316 2161 de
346 2091 550 2160 Animalibus
581 2090 724 2160 Medieae
752 2091 960 2178 Quaestiones
983 2094 1048 2186 (1):
1071 2095 1131 2162 has

135 2229 221 2286 ¹non
239 2217 333 2274 antea
354 2204 550 2296 publicatas,
569 2217 730 2294 quantum
749 2203 903 2294 equidem
920 2205 1005 2294 seio,
1026 2207 1134 2276 edidit

149 2343 228 2388 oum
253 2316 367 2386 Graeci
393 2316 533 2408 exempli
560 2314 827 2406 castigationibus
855 2329 889 2384 et
912 2317 1060 2386 versione
1084 2320 1130 2386 la·
1232 2341 1233 2344 ¹

149 2432 222 2509 tint
247 2429 375 2499 Parisiis
394 2453 423 2496 a.
447 2435 550 2514 1541,
577 2429 666 2518 apud
689 2428 887 2498 Weohelum
913 2429 949 2497 in
970 2437 1006 2498 4ο
1020 2431 1043 2521 (
1062 2431 1087 2520 )·

535 2680 574 2768 Q.
608 2679 753 2748 Curtios.

197 2880 302 2971 Hujus
326 2901 405 2970 opus
425 2879 466 2947 de
492 2878 589 2947 rebus
610 2879 785 2948 Alexandri
806 2882 916 2973 Magni
935 2883 1033 2974 gestis
1054 2906 1132 2975 pro-

152 2992 217 3061 diit
244 2995 341 3060 Antr.
371 3013 399 3058 a.
427 2998 522 3060 1546.
547 3014 585 3058 ex
608 2991 665 3059 off.
688 2995 738 3058 Jo.
761 2991 836 3060 Loei
860 2992 895 3059 in
918 2999 968 3079 8⁰,
998 3010 1130 3065 curante
1160 3054 1162 3060 ,

149 3105 260 3174 iunio,

281 3413 283 3418 .
318 3354 496 3421 Plutarchi
512 3351 727 3444 Symposrooa
751 3353 971 3420 Problemata.

197 3552 362 3622 Convertit
394 3553 601 3645 Symposiaca
633 3553 834 3622 Problemata
867 3578 907 3626 ex
939 3551 1062 3626 Graeco
1093 3558 1130 3626 in

153 3666 303 3734 latinum
322 3688 504 3737 sermonem
510 3692 520 3753 3
543 3665 663 3756 quibus
679 3667 715 3736 in
732 3669 894 3739 vertendis
912 3682 950 3738 ut
970 3693 1051 3762 opus
1065 3694 1132 3740 sus·

132 3883 138 3891 ·
187 3857 227 3926 (1)
245 3857 282 3910 Gi.
298 3860 341 3924 op.
359 3858 471 3908 Volcania
487 3874 513 3925 p.
529 3858 587 3908 180.

189 3947 225 4016 (Β)
244 3949 280 4000 Cf.
299 3950 406 4002 Nicator.
422 3960 477 4000 tom.
497 3952 521 4001 7.
540 3967 563 4016 p.
582 3951 642 4000 4⁰1.
