2946 5002
614 767 1082 856 ADDITAMENTA.

737 1010 948 1072 tumtun.

764 1270 919 1300 *-

394 1479 475 1560 Ilas,
502 1496 587 1564 quae
609 1487 814 1564 sequuntur,
838 1459 985 1563 querelas
1009 1473 1163 1544 firnebres
1185 1475 1218 1542 in
1241 1474 1326 1544 obi-

349 1601 421 1658 tum
448 1588 547 1657 lladr.
575 1586 666 1655 Junii
694 1585 822 1676 scripsit
847 1585 902 1653 ille
930 1587 1040 1654 Douza
1074 1588 1324 1679 Lugdunensis,

347 1702 408 1792 qui
427 1700 507 1770 belli
529 1700 681 1792 pacisque
699 1711 782 1768 artes
803 1699 846 1768 ita
868 1699 987 1767 habuit
1008 1699 1043 1767 in
1067 1724 1102 1768 se
1121 1702 1324 1791 conjunctas,

348 1829 387 1882 ut
416 1814 536 1904 quibus
568 1813 673 1904 magis
697 1812 884 1881 excelluerit
908 1813 1082 1881 decernere
1109 1813 1151 1881 sit
1172 1813 1320 1881 difficile.

345 1927 468 2017 Reperi
489 1949 542 1994 eas
564 1925 601 1993 in
622 1925 810 1993 collectione
831 1928 894 1992 llS.
921 1928 1034 1992 Burm.
1058 1925 1115 1994 ubi
1138 1929 1196 1992 sul
1219 1949 1319 1992 manu

345 2042 383 2104 P.
404 2041 610 2104 Burmannus
628 2039 697 2104 Sec.
721 2037 761 2104 iis
782 2037 817 2104 in
842 2038 990 2130 margine
1012 2037 1225 2128 adscripserat
1245 2043 1320 2104 ine-

344 2153 419 2216 dita
439 2154 480 2215 m·
493 2151 617 2238 fallor.
665 2149 761 2234 Quod
789 2172 864 2218 cum
898 2149 1209 2235 animadverterem,
1237 2150 1319 2216 haec

345 2261 491 2331 carmina
526 2262 684 2354 elegantis
710 2275 827 2354 poetae
858 2277 986 2354 reperta
1014 2263 1099 2330 mihi
1139 2262 1318 2354 gratulatus

343 2402 418 2446 sum
445 2377 621 2466 statimque
648 2377 775 2445 decrevi
797 2401 834 2446 ea
859 2399 935 2444 cum
957 2376 1142 2446 lectoribus
1164 2399 1317 2444 commu-

344 2491 477 2576 nicare,
500 2501 613 2580 utpote
638 2491 786 2560 nondum
807 2489 982 2581 publicata.
1004 2492 1051 2557 De
1070 2512 1137 2580 quo
1161 2503 1200 2558 ut
1219 2514 1315 2560 essem

344 2603 474 2688 certior,
498 2601 703 2693 inspicienda
731 2602 815 2668 mihi
836 2591 903 2671 esse
925 2605 1054 2671 Douzae
1070 2601 1218 2668 carmina
1241 2605 1314 2672 exis·

343 2715 468 2783 timavi.
524 2718 670 2798 Quorum
702 2715 739 2781 in
764 2713 890 2782 duabus
920 2713 1085 2804 prioribus
1119 2712 1313 2785 editionibus

342 2827 403 2893 has
425 2825 574 2914 querelas
591 2826 761 2916 impressas
780 2849 848 2894 non
867 2826 990 2909 inveni,
1008 2833 1041 2896 at
1061 2854 1136 2901 vero
1155 2833 1191 2899 in
1212 2845 1312 2924 poste-

341 2936 422 3005 riori
449 2936 593 3004 editione
617 2959 733 3005 novem
754 2938 848 3004 libris
870 2943 984 3025 aucta,
1010 2965 1095 3032 qnae
1119 2945 1206 3012 mihi
1232 2947 1311 3014 bona

341 3049 473 3118 fortuna
488 3070 593 3138 nuper
614 3048 649 3115 in
673 3073 788 3116 manus
809 3051 909 3136 venit,
926 3075 979 3119 eas
995 3065 1115 3123 exstare
1134 3071 1311 3147 opportune

342 3162 491 3254 cognovi.
536 3161 696 3248 Quoniam
721 3185 798 3230 vero
819 3163 902 3231 haec
929 3165 1030 3234 editio
1053 3168 1157 3236 rarior
1178 3170 1248 3260 jam
1270 3181 1311 3252 eet

340 3275 449 3362 facta,
474 3288 511 3344 ut
536 3287 570 3343 et
589 3275 652 3365 ipsi
670 3277 856 3343 Burmanno
879 3274 1030 3362 latuerit,
1054 3281 1180 3348 Doume
1200 3305 1309 3370 quere·

340 3387 388 3452 las
407 3387 561 3456 fimebres
579 3389 687 3457 denuo
710 3387 798 3480 typis
821 3389 992 3475 mandare,
1009 3413 1125 3480 operae
1147 3393 1228 3460 duxi
1243 3418 1311 3486 pre

341 3497 437 3562 tium.
483 3500 608 3582 Quibus
630 3502 696 3569 duo
713 3501 875 3585 carmina,
899 3503 1037 3570 alterum
1057 3506 1093 3569 P.
1110 3507 1308 3596 llogerbetii,

341 3607 480 3674 alterum
500 3609 622 3678 Theod.
648 3612 733 3681 Velii
744 3662 753 3698 ,
766 3634 933 3700 nunquam
949 3627 1108 3702 quantum
1123 3616 1189 3685 scio
1205 3618 1309 3698 edita,

340 3718 504 3808 subjunxi.
