2946 5002
456 1119 706 1196 CAPUT
759 1124 830 1194 III.

350 1387 463 1436 OPERA
488 1385 598 1438 HADB.
624 1387 714 1440 wrm
743 1391 910 1442 Postdate.

572 1657 700 1684 *-

520 1931 522 1943 ’
560 1905 716 1971 Batam'a.

192 2133 289 2197 Anno
314 2134 397 2198 1564
413 2129 553 2197 Ordines
569 2131 775 2217 Hollandiae‚
792 2155 842 2200 res
857 2133 1130 2223 patriaenostrae

148 2255 186 2308 ut
208 2241 311 2309 literis
334 2241 591 2327 mandarentur,
615 2245 844 2328 decreverunt,
870 2267 968 2333 quam
991 2248 1131 2334 provin-

148 2357 233 2423 ciam
259 2355 415 2424 mediocri
437 2369 684 2426 auctoramento
707 2358 804 2426 Junio
828 2358 1062 2426 commiserunt
1072 2359 1128 2448 (l).

147 2474 266 2561 Magna}
300 2469 463 2537 industria
485 2492 522 2537 ac
557 2467 730 2561 diligantid
752 2492 980 2559 quaecumque
1003 2471 1044 2538 ad
1070 2493 1130 2560 pa-

146 2583 228 2656 triae
263 2565 494 2672 antiquitatem
516 2582 720 2672 pertinerent
743 2605 782 2652 ex
804 2583 938 2650 urbium
960 2583 1130 2650 tabulariis
1227 2653 1231 2662 ,

146 2711 180 2764 et
191 2710 341 2765 veterum
356 2696 641 2788 recentiorumque
659 2697 786 2788 seriptis
798 2697 931 2788 collegit
947 2697 1008 2787 (2)3
1025 2721 1128 2787 quum

144 2833 221 2879 vero
244 2833 283 2880 eo
306 2824 454 2899 tempore
475 2810 693 2899 quorumdam
716 2809 945 2879 historicorum
967 2810 1129 2886 librorum

146 2923 244 2990 lectio
265 2921 447 2990 interdicta
471 2936 553 2990 esset
575 2947 593 2990 a
615 2921 773 2993 Pontifioe
796 2927 859 3009 M.‚
883 2923 980 3012 petiit
1002 2948 1021 2991 a
1044 2927 1136 2992 Rev:

148 3035 289 3104 Domino
312 3034 436 3102 Bened.
461 3036 536 3103 Aria
560 3039 713 3104 Montano
729 3036 791 3127 (3),
816 3050 853 3103 ut
874 3036 937 3104 sibi
959 3035 1129 3104 historiam

147 3148 304 3217 scribenti
326 3148 560 3216 concederetur
578 3149 675 3216 hosce
693 3149 826 3242 legere,
845 3149 930 3214 inter
942 3169 1023 3235 quos
1038 3161 1130 3216 arant

163 3311 219 3380 ¹(l)
238 3311 275 3360 Cf.
294 3313 340 3376 Ep.
354 3310 434 3360 Joaah.
455 3313 572 3379 H'oppero.
583 3331 607 3378 p.
627 3315 685 3360 ²12.

180 3402 217 3472 (2)
236 3403 273 3452 Cf.
292 3405 335 3468 Ep.
354 3401 430 3453 dedic.
448 3405 525 3454 Princ.
544 3405 608 3454 Guil.
628 3423 640 3452 a
657 3394 749 3452 Nas'san.

296 3519 330 3533 -
357 3495 468 3545 Gualtero
485 3495 595 3545 Bertoldo
612 3513 637 3562 p.
654 3495 714 3544 238.

298 3609 333 3627 a·
357 3587 421 3638 reid.
443 3591 544 3642 Simonis
614 3617 626 3628 -
648 3591 708 3638 371.
1122 3629 1124 3636 .

182 3677 219 3747 (3)
237 3679 280 3746 Ep.
305 3681 351 3730 nt
375 3683 501 3733 Benedicta
525 3685 594 3732 Arina
611 3683 728 3731 Montano.
746 3681 871 3748 Postquam
887 3685 913 3732 in
928 3681 970 3731 hac
987 3683 1085 3748 epistola
1101 3685 1129 3734 de

149 3773 289 3839 multorum,
318 3791 417 3840 quorum
441 3773 511 3824 lectio
538 3773 656 3839 prohibita
674 3783 737 3838 erat,
756 3774 869 3824 librorum
887 3773 1037 3838 legendorum
1055 3793 1130 3824 netes-

147 3867 216 3915 sitate
243 3865 289 3915 sibi
318 3865 428 3916 historico
454 3867 505 3914 frisa
534 3865 708 3932 disputaverat,
736 3869 761 3916 in
786 3869 834 3917 sine
863 3866 978 3932 Epistolne
996 3867 1080 3917 Junius
1097 3869 1130 3915 ita
1181 3887 1184 3894 ·

150 3979 161 4004 o
175 3960 291 4022 Quorsum
314 3959 371 4009 haec
393 3961 485 4026 omnia,
510 3961 620 4009 nimirum
643 3970 669 4009 ut
692 3963 711 4008 si
730 3962 820 4010 ratione
840 3959 886 4008 ulid
912 3961 962 4007 fieri
989 3970 1070 4024 queat,
1104 3970 1127 4006 nt
