2946 5002
637 368 786 426 51.

162 559 405 642 convenissem,
431 555 563 622 crevisse
587 556 767 644 adjustum
786 547 906 625 molem
935 559 1141 628 collectitiam

163 676 255 741 hanc
277 671 399 764 sylvam
414 683 448 736 et
466 691 641 736 numerum
656 691 723 736 esse
743 682 968 758 portentosum
988 672 1141 740 animad-

162 798 293 854 vertens
323 785 412 875 (nam
442 781 631 874 quingentis
664 780 738 872 plus
768 781 878 850 minus
911 807 1008 875 supra
1039 777 1141 854 sexies

166 898 258 964 mille
291 895 512 980 dictionibus,
547 919 623 963 oum
655 894 773 962 additis
807 907 880 963 tum
914 883 1140 989 locupletatis,

163 1011 319 1078 volumen
344 1008 554 1099 intumuerat)
578 1008 668 1098 coepi
691 1007 869 1076 editionem
887 1010 1060 1099 parturire.
1077 1013 1142 1082 Sed

161 1123 315 1192 nondum
334 1122 390 1189 hio
411 1121 554 1190 substitit
576 1121 666 1189 deses
690 1143 807 1211 opera,
832 1121 1018 1209 siquidem,
1041 1136 1079 1191 ut
1102 1125 1140 1193 in

160 1236 402 1326 exemplaribus
427 1235 553 1326 saepius
579 1234 713 1302 recussis
740 1233 795 1320 fis,
817 1233 974 1328 immensa
999 1238 1138 1306 mendo-

159 1373 236 1418 rum
257 1348 498 1437 vitiorumque,
518 1345 637 1437 partim
663 1345 832 1415 oscitantis
851 1347 968 1437 supine
985 1360 1018 1416 et
1039 1348 1138 1418 incu-

160 1463 230 1548 ria,
263 1461 384 1551 partim
416 1474 451 1528 et
485 1459 634 1528 codicum
665 1449 842 1550 impostura
870 1461 1136 1550 commissorum,
1186 1509 1188 1522 ,

159 1587 312 1665 portenta
347 1573 511 1663 irrepsisse
534 1572 570 1639 in
596 1571 754 1641 editiones
786 1571 884 1640 toties
910 1572 998 1665 typis
1032 1597 1135 1664 repc-

159 1687 258 1774 titas,
283 1687 490 1778 perspicuum
518 1686 642 1752 habens
667 1685 802 1777 (quippe
826 1701 901 1754 cum
925 1709 1014 1756 error
1040 1710 1136 1756 erro-

159 1823 250 1885 rem,
276 1812 314 1866 ut
332 1797 439 1866 clavus
463 1799 591 1866 clavum
609 1798 742 1866 trudere
762 1799 873 1890 soleat)
899 1799 1001 1868 multa
1022 1801 1134 1893 jugu-

159 1913 245 1996 lari,
271 1912 411 1998 sesceni,
444 1912 616 1979 reformavi
641 1903 742 2002 atque¹
763 1913 951 1995 emendavi,
974 1937 1135 2004 nusquam

160 2048 290 2093 mecum
328 2026 410 2093 citra
447 2024 618 2092 meliorum
657 2024 806 2094 codicum
840 2025 1033 2112 consilium,
1078 2041 1136 2095 aut

157 2142 356 2207 Graecorum
381 2139 596 2228 interpretum
628 2137 729 2205 fidem
758 2130 833 2206 'meo
864 2139 964 2227 ipsius
1000 2141 1135 2210 arbitrio

72 2241 73 2246 ¹
152 2266 242 2320 stare
267 2253 386 2320 volens.
422 2253 516 2335 Quod
541 2251 647 2340 ipsum
665 2232 751 2317 certe
781 2273 888 2338 neque
912 2274 979 2319 esse
1003 2255 1134 2344 negocii
1200 2262 1205 2283 ⁴

153 2379 214 2432 aut
234 2365 327 2454 pensi
351 2364 479 2432 levioris
497 2387 606 2452 neque
625 2362 774 2430 utilitatis
797 2361 952 2450 minoris,
977 2365 1058 2455 quin
1074 2390 1134 2454 po-

156 2479 221 2545 tins
246 2477 377 2568 majoris
404 2476 571 2565 aliquanto
600 2475 718 2544 laboris
738 2475 989 2543 instrumentum
1001 2478 1131 2567 judica·

155 2593 241 2660 hunt
264 2591 354 2672 dico,
375 2590 495 2686 quibus
516 2586 615 2657 simili
637 2612 727 2657 more
741 2589 891 2656 sudatum
909 2603 967 2657 est.
991 2589 1131 2662 Proinde

155 2707 316 2796 locuplete
340 2711 437 2796 opert
458 2725 615 2797 magnum
638 2704 865 2793 adjumentum
889 2703 1063 2772 lectoribus
1085 2705 1130 2772 cl-

153 2822 298 2890 loturum
323 2844 376 2888 me
405 2833 510 2903 ratus,
535 2843 573 2887 ea
603 2841 670 2888 non
696 2817 842 2885 invidere
865 2818 998 2907 publico
1022 2820 1128 2888 visum

153 2935 253 3002 fuit.’‘

197 3048 324 3118 Prodiit
349 3049 385 3114 in
412 3049 518 3114 lucem
538 3047 602 3115 hoc
624 3046 779 3128 lexicon,
805 3044 953 3110 basila.
980 3052 1062 3114 1548
1090 3049 1126 3115 in

154 3161 210 3229 fol.
229 3160 285 3251 (1).
323 3160 427 3226 Minus
444 3173 589 3228 accurate
616 3159 806 3249 impressum
834 3157 978 3224 socordis
1004 3158 1126 3228 biblio·

152 3274 293 3364 graphi,
318 3273 375 3364 qui
400 3295 459 3362 pro
485 3295 541 3340 suo
564 3271 698 3340 arbitrio
722 3271 805 3336 male
824 3269 987 3336 intellecta
1021 3284 1126 3366 muta-

151 3400 242 3455 verat
265 3385 322 3476 (2).

185 3588 224 3658 (1)
241 3589 301 3638 11111
318 3588 346 3640 de
367 3590 456 3654 Bruin,
474 3606 498 3654 p.
517 3588 568 3637 418
585 3587 646 3638 illud
664 3587 762 3642 londini
777 3591 885 3640 excusum
901 3605 948 3640 esse
965 3592 1048 3642 refert.
1079 3591 1124 3644 llo-

150 3679 205 3730 dem
232 3697 291 3730 anno
310 3681 398 3746 prodiit
417 3684 443 3731 in
467 3681 504 3731 4⁰.
533 3680 570 3733 cf.
595 3698 619 3730 v.
646 3683 676 3729 ll.
701 3681 757 3730 Jun.
784 3683 809 3730 iu
830 3683 937 3750 Append.
963 3681 1124 3736 Bibliothecae
1219 3705 1221 3711 ¹

152 3775 221 3833 Conr.
244 3774 348 3822 Gesneri.
377 3775 457 3822 Exstat
478 3782 597 3839 praeterea
622 3771 697 3822 editio
716 3773 785 3823 basil.
805 3789 827 3824 1.
852 3778 919 3826 1515
942 3776 1004 3826 facts
1028 3795 1057 3825 ex
1079 3779 1120 3830 ott.

152 3865 181 3912 ll.
200 3864 313 3913 Curionis.
331 3865 356 3912 in
377 3863 420 3914 sol.

146 3931 149 3940 Ι
185 3951 222 4022 (2)
241 3955 277 4004 Cf.
292 3957 335 4019 Ep.
353 3957 382 4004 A.
402 3956 563 4006 llirrlrms'nno.
577 3973 604 4022 p.
627 3958 685 4005 224.

289 4071 292 4078 ,
539 4043 541 4054 ·
938 4057 956 4115 4
969 4051 990 4089 >a
