2946 5002
814 335 858 398 72

350 517 409 608 qui
441 515 612 586 materiam
634 517 843 608 suppeditare
865 517 897 586 ei
925 530 1077 610 possent,
1101 516 1153 584 vel
1173 517 1213 584 ad
1231 514 1314 583 refu·

350 629 449 698 tanda
480 629 621 700 aliorum
652 630 858 716 testimonia,
880 629 932 700 rel
954 629 997 698 ad
1019 627 1235 720 colligendam
1253 626 1316 696 reri

349 739 609 812 instructionem.

392 854 483 923 Adeo
504 854 588 922 nulli
612 855 761 948 pepercit
781 855 904 943 labori,
928 879 994 948 quo
1008 881 1090 948 opus
1103 879 1196 925 suum
1210 878 1321 924 ornare

346 965 398 1034 rel
427 967 626 1058 locupletare
654 980 780 1060 posset,
817 970 1026 1060 maximeque
1049 970 1174 1062 cupivit
1204 970 1240 1036 in
1260 972 1322 1035 Ba·

346 1078 432 1146 tavit
462 1079 654 1167 scribendi,
683 1095 722 1151 ut
752 1082 821 1174 ipse
851 1082 1039 1174 profitetur,
1072 1082 1237 1167 studium,
1270 1080 1321 1147 in„

344 1189 525 1280 dustriam,
561 1193 773 1286 diligentiam
808 1195 971 1287 praesenti
1002 1208 1037 1263 et
1061 1193 1193 1262 futurae
1226 1191 1319 1260 aetati

341 1303 481 1394 probare
501 1305 558 1398 (t).
611 1309 654 1374 At
680 1329 755 1377 vero
787 1321 893 1376 morte
914 1311 1124 1399 praematma
1148 1304 1316 1374 defimctus

341 1417 441 1510 hujus
474 1419 582 1510 operis
612 1433 739 1489 tomum
769 1419 915 1512 primum
943 1419 1081 1489 absolvit
1109 1431 1260 1506 tantum,
1283 1418 1315 1484 in

340 1553 409 1620 quo
430 1545 593 1622 »praeter
615 1532 724 1625 gentis
746 1545 780 1601 ct
800 1532 926 1602 insulae
948 1532 1203 1624 antiquitatem,
1220 1529 1318 1624 origi-

340 1666 439 1724 nem,
474 1643 609 1727 decora,
643 1667 772 1730 mores,
806 1644 954 1734 aliaque*
971 1646 1013 1712 ad
1045 1668 1118 1713 eam
1152 1644 1316 1713 historiam

339 1756 558 1846 pertinentia,
588 1754 794 1842 declaratur,
828 1779 913 1846 quae
934 1757 1037 1825 fuerit
1058 1770 1150 1826 votus
1172 1754 1317 1839 Batavia,

340 1891 426 1957 quae
450 1867 576 1953 Plinio,
600 1867 712 1936 Tacito
733 1881 767 1936 et
787 1869 972 1939 Ptolemaeo
995 1870 1145 1961 cognita:
1170 1892 1253 1960 quae
1267 1869 1318 1936 iti·
1349 1915 1352 1924 ·

341 1981 420 2048 dem
443 1980 588 2070 genuina
610 1980 755 2072 inclytae
778 1985 974 2051 Francorum
996 1982 1139 2050 nationis
1161 1983 1286 2050 sedes.’'

387 2095 482 2174 Sunt,
505 2093 564 2182 qui
578 2105 707 2184 putent,
730 2107 857 2164 tomum
870 2095 998 2164 huncce
1013 2095 1159 2184 primum
1173 2118 1242 2164 non
1256 2117 1319 2163 esse

248 2261 255 2276 .
340 2203 526 2272 absolutum
551 2219 585 2274 ct
605 2205 789 2310 perleptum
799 2205 844 2300 (2)
857 2259 867 2290 ‚
882 2230 964 2297 quos
982 2220 1095 2276 tamen
1112 2231 1221 2277 errare
1238 2207 1319 2274 mihi

342 2319 421 2387 citra
441 2319 582 2390 dubium
603 2345 671 2391 esse
692 2322 840 2407 videtur3
860 2322 984 2390 etenim
999 2322 1072 2413 jam
1095 2323 1224 2390 dudum
1248 2335 1319 2389 autc

341 2435 433 2502 lunii
471 2435 601 2504 obitum
634 2436 843 2528 scriptionem
876 2436 976 2526 hujus
1005 2435 1112 2526 operis
1152 2437 1196 2504 ad
1220 2436 1319 2504 finem

339 2549 534 2639 perductam
556 2571 635 2633 esse,
649 2548 762 2616 multis
778 2547 909 2640 probari
930 2560 1036 2639 potest
1050 2549 1247 2618 testimoniis
1264 2549 1317 2642 (3).

340 2666 466 2729 Homm
485 2683 627 2728 errorem
646 2685 685 2728 ex
707 2685 747 2731 co
768 2675 878 2731 ortum
899 2685 968 2730 esse
992 2662 1108 2746 medo,
1128 2663 1221 2751 quod
1245 2685 1320 2730 con-

339 2774 404 2840 silii
424 2773 587 2839 rationem
607 2772 642 2839 in
659 2774 723 2842 hoc
742 2797 839 2867 opere
858 2775 1014 2845 historico
1034 2775 1208 2844 scribendo
1225 2776 1319 2866 plane

339 3019 414 3072 quum
432 3017 493 3052 auno
506 2999 592 3050 abhinc
608 2996 735 3046 tricessimo
752 2993 867 3043 Bononiae
882 2993 1020 3043 Ilcctoratus
1036 2992 1119 3042 titulos
1134 3009 1188 3042 cum
1205 2993 1233 3042 iu
1248 2990 1319 3059 philo·

337 3095 420 3163 sophia
439 3105 491 3144 tum
507 3095 534 3142 in
554 3089 669 3142 medicinis
685 3087 831 3154 acceperim,
851 3085 906 3136 tata
925 3085 1020 3152 legendi
1039 3084 1134 3152 quidvis
1154 3094 1180 3134 et
1193 3082 1319 3152 profitendi

337 3187 491 3252 authoritate,
511 3200 574 3233 nuuc
590 3183 632 3232 tul
651 3197 694 3247 ope
708 3178 869 3244 beneficioque
886 3177 1024 3228 concedatur
1045 3193 1100 3225 usus
1115 3175 1235 3243 lectioque
1251 3175 1319 3225 liltro·

336 3297 390 3328 rum
409 3277 499 3328 mediae
518 3276 611 3339 umis,
639 3265 807 3339 (theologicos,
825 3270 852 3317 in
875 3261 962 3334 quihus
981 3278 1037 3317 sunt
1062 3267 1132 3316 Lnth.
1156 3267 1214 3317 llel.
1240 3268 1316 3318 oecol.

335 3369 437 3433 Zwingl.
455 3369 520 3418 Calv.
540 3371 636 3433 ejusque
655 3365 746 3418 latinae
764 3361 822 3411 alios
835 3378 883 3422 non
902 3377 997 3426 moror,
1008 3361 1055 3409 inan
1067 3375 1174 3425 aversor,
1192 3359 1258 3426 quod
1270 3359 1318 3408 his·

335 3463 410 3509 turico
429 3461 488 3508 mihi
499 3460 576 3508 aliena
582 3463 615 3508 sit
624 3454 811 3522 illorumlectic)
822 3472 869 3522 qno
879 3457 912 3504 sic
924 3454 1045 3508 adversum
1055 3451 1214 3517 vitigilntores
1227 3455 1284 3502 istos
1295 3461 1318 3500 et

336 3551 515 3601 calumniatores
538 3550 565 3596 in
580 3559 633 3598 tuto
650 3559 748 3598 statuar.
766 3547 796 3597 td
810 3548 831 3596 si
848 3548 993 3614 praestiteris
1011 3548 1048 3595 vir
1064 3544 1156 3594 elaris.
1169 3554 1198 3593 ut
1209 3561 1317 3611 magnum

335 3660 418 3708 operae
433 3643 537 3709 pretium
548 3642 606 3689 meis
615 3657 657 3706 per
668 3650 692 3688 te
701 3639 806 3688 historiis
816 3639 924 3708 accedet,
931 3642 966 3689 ita
976 3641 1074 3690 lanium
1085 3655 1122 3688 me
1133 3637 1203 3705 plane
1214 3633 1317 3688 bearis.''

365 3731 403 3801 (l)
420 3734 458 3783 ff.
477 3735 521 3798 Ep.
540 3733 582 3781 cit.
599 3729 717 3779 Prideriuo
733 3731 845 3780 simonio.
1177 3793 1181 3802 ι

369 3825 408 3893 (2)
425 3827 463 3874 Cf.
481 3827 571 3872 Pontus
585 3825 659 3872 llcut.
673 3823 700 3870 l..
720 3824 746 3870 2.
766 3823 809 3872 25.
846 3823 918 3890 llaylo
933 3825 960 3872 iu
976 3838 1042 3870 voce.
1057 3823 1088 3872 lt.
1101 3823 1196 3871 lunius.

369 3917 406 3984 (ὅ)
419 3914 675 3966 Resolnnllndenran
682 3915 796 3963 Statenl³
803 3914 993 3966 astructum.
1002 3913 1219 3980 ltpchnlttsntmo
1229 3912 1316 3980 pest.
