2946 5002
841 364 968 446 tr!

373 553 435 620 tto.
459 549 494 616 in
507 543 700 616 Academiae
714 548 750 612 1,.
763 547 900 612 musae
913 542 1114 614 bibliotheca
1128 548 1213 620 filiae
1229 551 1338 622 Clarae

373 661 491 754 scripta
517 683 535 728 a
556 670 648 752 patre
667 657 723 750 (1).
1020 677 1023 686 ’

417 777 522 864 Nupta
536 783 606 840 erat
616 770 707 840 Clara
721 769 903 838 Mea'nordo
918 771 1096 860 Verlanio,
1113 776 1244 844 Gonsuli
1261 783 1340 848 llor-

373 909 480 971 nano,
501 883 601 970 Viro,
625 883 675 952 uti
699 882 798 952 refert
818 882 951 970 Velius,
985 885 1078 953 haud
1101 881 1250 975 indocti),
1286 893 1339 982 qui

374 999 410 1066 in
432 997 572 1089 Epistola
588 995 695 1066 dedic.
707 995 914 1066 Poematibus
928 1001 969 1064 tt.
990 997 1080 1066 tunii
1100 1003 1290 1092 praeposita,
1302 1005 1341 1071 ab

372 1110 446 1180 Alb.
464 1109 630 1195 Verlanio,
647 1109 718 1199 ejus
733 1107 813 1195 filio,
831 1121 975 1198 vocatur,
992 1111 1064 1179 Vir
1077 1115 1260 1182 liberaliter
1270 1141 1345 1184 cm-

372 1227 494 1293 da'taone
503 1234 536 1292 et
539 1227 699 1316 politiori
712 1225 893 1291 literatura
903 1228 1085 1292 instetutus.
1104 1229 1213 1311 Quum
1224 1252 1341 1297 annum

371 1337 483 1408 aetatis
502 1337 556 1404 vix
576 1343 619 1408 86
640 1334 811 1428 attigisset,
830 1335 918 1405 ὤεα]
941 1336 1023 1406 obiit
1043 1337 1140 1408 Mein.
1161 1341 1341 1412 Verianius.

416 1455 513 1522 Ortus
531 1463 632 1518 estex
648 1450 711 1519 hoc
722 1448 876 1540 conjugio
891 1450 1047 1520 Aldertus
1061 1452 1267 1540 Velanius,
1286 1455 1341 1545 qui
1407 1497 1408 1502 κ

371 1565 554 1634 medicinae
575 1585 609 1632 se
630 1561 789 1654 applicuit
815 1561 960 1653 primum
989 1564 1142 1654 Lugduni
1170 1569 1241 1634 Bat.
1270 1589 1341 1635 mox

371 1679 510 1763 Paduae,
522 1675 580 1744 ubi
594 1675 778 1744 medicinae
792 1676 909 1744 Ductor
924 1688 1051 1744 creatus
1063 1691 1123 1746 est.
1135 1683 1212 1746 Erat
1222 1680 1339 1749 Theod.

370 1791 456 1862 vetii
477 1789 611 1858 amicus.
657 1790 729 1852 Jam
762 1809 849 1856 anno
876 1788 1055 1856 asseratis
1079 1789 1147 1858 rita
1175 1792 1341 1862 defunctus

371 1915 419 1971 est
434 1903 488 1991 (tt
503 1903 576 1967 Jan.
591 1921 621 1965 a.
641 1898 750 1990 1606).
773 1898 835 1967 Hic
847 1900 921 1968 Alb.
942 1901 1125 1989 Velanius,
1145 1918 1238 1994 patre
1256 1927 1338 1973 mor-

370 2027 444 2095 tuo,
465 2011 687 2102 manuscripta
710 2015 751 2078 tt.
770 2011 860 2079 Junii
875 2013 934 2080 avi
952 2013 1094 2105 accepit,
1120 2031 1257 2106 quaeat
1274 2019 1337 2107 ejus

370 2123 546 2192 avunculus
567 2127 679 2192 Petrus
700 2122 771 2214 jam
800 2125 1082 2212 interemerat,
1106 2130 1219 2218 praelo
1241 2129 1337 2219 subji-

371 2259 444 2306 cere
470 2235 649 2306 constituit.
687 2235 800 2304 Edidit
819 2240 1008 2306 Poematum
1034 2243 1075 2306 u.
1109 2241 1200 2308 Junii
1224 2241 1335 2309 librom

370 2352 514 2444 primum
539 2351 644 2442 Lugd.
666 2353 735 2417 Bat.
753 2371 793 2418 cx
807 2349 863 2418 off.
881 2349 1032 2418 Elzevirii
1055 2374 1085 2419 a.
1110 2356 1207 2422 1598.
1246 2358 1337 2422 Morte

372 2481 482 2538 autem
496 2469 701 2557 praematuri
719 2478 916 2550 consumtus,
932 2487 999 2534 non
1013 2464 1092 2534 alios
1114 2467 1213 2559 hujus
1230 2468 1338 2537 laboris

370 2580 495 2649 fructru
520 2576 703 2668 posteritati
717 2576 865 2666 reliquit.
891 2581 937 2644 Ex
957 2582 1016 2669 Ep.
1042 2577 1151 2647 dedic.
1172 2580 1337 2672 cognosci.

371 2714 444 2759 mus
468 2713 545 2759 eum
565 2701 731 2779 practerea
755 2688 908 2757 habuisse
929 2689 965 2758 in
987 2693 1064 2758 otu.

372 2826 563 2890 uadatunii:
585 2828 745 2888 &ramata
754 2827 818 2889 Sive
828 2827 1032 2911 Epithetorum
1044 2831 1226 2893 Graecorum
1241 2831 1341 2892 collec-

756 2943 854 2995 tanea.

586 3038 731 3106 Sadalam,
740 3057 829 3120 supra
838 3038 973 3123 quinque
983 3049 1035 3101 aut
1047 3054 1106 3102 'sex
1120 3041 1204 3102 milia
1212 3042 1341 3103 locorum

759 3142 974 3226 interpolatum
995 3166 1030 3206 ac
1050 3167 1210 3228 germanae
1228 3146 1341 3208 lectioni

759 3247 937 3308 restitutum.

584 3355 741 3417 Poematia.
753 3352 973 3437 Epigrammata
983 3355 1016 3416 in
1026 3377 1079 3418 sex
1093 3355 1185 3418 libros
1199 3356 1341 3418 distincta.

449 3449 460 3460 '⁸
582 3460 804 3536 Epistolarum
818 3459 855 3522 V
851 3461 978 3520 atamen.

417 3566 548 3663 Praeter
561 3563 644 3630 haec
658 3569 721 3633 MS.
736 3565 848 3636 Velius
858 3587 892 3634 se
906 3563 1024 3634 vidisse
1039 3567 1128 3657 apud
1144 3527 1341 3652 Verlanium,

580 3679 769 3740 odacrum
782 3685 820 3742 cle
833 3682 1056 3749 divinatam,
1076 3693 1224 3743 memorat
1246 3680 1299 3766 (2).

407 3857 445 3927 (t)
457 3861 518 3910 llaec
524 3861 631 3910 unicsett
636 3859 918 3928 Epistola,quama1uaio
924 3861 1005 3927 lingui
1014 3861 1136 3912 vermcnli
1142 3866 1252 3930 scriptam
1259 3865 1341 3914 inveni.

407 3949 444 4020 (2)
455 3951 570 4020 Epistulas
581 3955 610 4004 ii.
623 3953 691 4004 Jnnii
702 3971 772 4004 aranu
783 3956 849 4008 Petri
867 3957 965 4023 scriptae
986 3965 1109 4021 supersunt
1124 3958 1206 4022 magui
1217 3973 1260 4024 pro
1270 3965 1342 4024 parta,
