2946 5002
655 320 693 382 91

273 496 309 559 Et
329 497 429 580 patriis
445 496 570 581 junctae
590 497 711 559 vocibus
731 499 894 582 drgolicae.

234 605 287 665 llic
306 623 376 664 vero
396 623 462 662 non
479 611 538 662 tres
559 601 697 678 edoctus,
719 615 753 665 ut
771 605 839 682 ille,
861 587 1010 666 sedunus

259 708 448 768 ¹Sermonum
467 715 583 788 poterat
603 715 670 767 octo
689 707 796 770 referre
815 730 912 771 sonos.

187 799 190 808 ⁵
229 815 267 873 In
287 812 370 895 queis
391 811 415 871 si
434 811 574 889 Graium,
597 821 650 871 aut
667 809 809 872 Latinum
830 815 897 896 quis
918 824 1030 896 ponat,
1058 812 1162 876 eadem

269 914 354 977 Idem
375 916 464 998 operat
483 927 514 975 et
533 925 669 976 nostrum
690 937 920 980 commemorare
940 929 1047 1001 potest.

228 1021 284 1083 Ille
304 1030 405 1080 tamen
424 1030 540 1102 praeter
559 1020 679 1102 linguae
703 1017 884 1084 documenta
904 1023 1095 1102 Brittannae,

268 1126 446 1187 Germanam
465 1125 575 1205 pariter
593 1135 701 1194 norat,
741 1136 771 1187 et
790 1126 934 1202 Italicam.

228 1229 390 1311 Hispanam
409 1222 512 1303 taceo,
532 1237 567 1288 et
585 1251 661 1312 quae
683 1229 796 1291 Gallica
817 1230 941 1306 dicitur,
963 1231 1019 1313 ipsi

268 1336 397 1396 lantum
416 1354 481 1418 non
500 1332 621 1416 linguae
640 1354 717 1417 quae
737 1333 849 1415 patriae
869 1335 961 1396 instar
982 1345 1079 1396 erant.
1112 1403 1115 1408 ¹

229 1437 351 1520 Singula
371 1437 445 1520 quid
461 1459 644 1513 memorem,
665 1460 795 1521 quorum
814 1437 865 1499 ille
886 1440 1008 1502 seientia
1028 1449 1058 1501 et
1076 1461 1133 1501 usu

267 1541 405 1603 lmbutus
427 1542 565 1624 penitus,
586 1563 649 1602 non
670 1542 761 1603 modo
783 1543 892 1604 tinctus
913 1555 986 1605 erat.
1032 1623 1035 1630 Ι

229 1647 336 1709 Omnia
356 1656 512 1728 pernorat,
533 1646 584 1720 sed
604 1645 678 1730 quid
694 1649 791 1731 juvat
802 1648 903 1707 omnia
921 1670 1025 1726 nosse,

267 1752 380 1834 Perque
402 1749 504 1812 orbem
524 1750 636 1812 famam
656 1752 786 1811 nominis
808 1741 867 1812 esse
888 1753 958 1812 sui?

227 1857 306 1917 Num
327 1853 427 1916 minus
446 1853 507 1915 heu
526 1853 579 1914 sati
597 1865 780 1916 transvectus
800 1855 920 1932 littora,
941 1859 1062 1941 nigrum

269 1961 327 2021 tvit
344 1959 421 2018 iter?
440 1968 534 2019 terrae
555 1980 631 2019 num
651 1960 756 2022 minus
772 1982 837 2022 ossa
857 1959 959 2022 dediti

232 2065 311 2126 Num
331 2063 430 2124 minus
450 2061 592 2126 horrifico
613 2064 793 2125 cinefactum
813 2086 933 2126 cernere
953 2064 1042 2127 busto

270 2168 424 2251 Cogimur,
445 2177 475 2228 et
493 2168 587 2228 tristes
607 2167 750 2250 perticere
771 2161 910 2230 inferias'l

230 2273 333 2336 Utilius
352 2273 464 2347 fuerat,
485 2293 584 2332 rerum
606 2272 790 2348 dulcissime,
812 2283 889 2332 certe

270 2377 386 2437 Bcuzae
406 2375 543 2435 notitiam
563 2396 628 2434 non
647 2373 784 2436 habuisse
804 2376 861 2437 tui.

228 2484 294 2564 Ipse
315 2479 389 2540 mihi
409 2479 520 2540 damno
540 2501 625 2540 nunc
645 2489 687 2540 est
707 2500 806 2557 amor,
828 2481 868 2539 ite
888 2480 1000 2541 sodales

269 2589 312 2647 Ite
333 2583 458 2667 procul,
476 2584 564 2644 vestri
584 2584 607 2644 si
628 2581 705 2646 mibi,
721 2604 794 2642 cura
813 2594 912 2644 nocet.

231 2693 302 2752 cara
322 2687 463 2772 quidem,
484 2687 628 2771 quamdiu
647 2689 717 2748 vivis
738 2687 912 2748 conceditur
932 2689 976 2748 uti
1086 2695 1090 2702 “

268 2785 404 2880 Scilicet,
426 2802 514 2877 atque
535 2793 618 2853 omni
638 2791 754 2852 dulcior
774 2791 929 2854 ambrosii.

228 2902 266 2961 At
285 2898 374 2960 simul
394 2920 410 2958 e
430 2897 511 2961 vobis
532 2898 662 2982 aliquem
682 2899 751 2959 Ilors
771 2897 881 2959 miserit
902 2899 995 2973 Orco,

269 3003 320 3064 Fel
341 3022 459 3062 merum
468 3046 477 3076 ‚
500 3010 529 3062 et
548 3000 714 3062 elleborum
733 3001 813 3062 triste
834 3000 1054 3084 superstitibus,

228 3107 400 3169 Praesertim
419 3104 525 3179 nobis,
547 3114 577 3164 et
596 3105 679 3187 queis
698 3105 862 3186 penetralia
883 3103 977 3164 cordis

268 3210 371 3274 llundi
391 3208 496 3270 oculus
517 3207 608 3269 finxit
626 3207 665 3268 de
685 3207 805 3268 meliore
824 3207 900 3267 luto.

230 3316 287 3377 Sed
308 3300 382 3400 quid
402 3333 459 3396 ego·
471 3311 563 3390 haec;
584 3313 669 3396 quasi
687 3312 838 3394 poeniteat
857 3331 905 3371 me
917 3308 1042 3372 foederis
1055 3310 1161 3396 hujus,

268 3422 392 3481 Pactum
412 3418 485 3478 olim
505 3426 604 3478 tecum
623 3415 705 3499 quod
725 3413 801 3476 mihi
812 3457 821 3489 ‚
842 3412 949 3490 docte,
972 3415 1038 3476 suit.

229 3526 319 3584 llocte
329 3566 339 3597 ,
351 3506 391 3582 ¹et
410 3543 502 3605 quem
521 3530 655 3602 poteram
675 3541 740 3579 non
758 3520 914 3600 ignorare,
937 3520 1049 3580 etiamsi
1124 3508 1130 3522 Χ

270 3629 360 3687 Natus
380 3625 464 3709 apud
482 3622 612 3685 ttoschos
633 3623 836 3684 Cimmeriosre
855 3622 959 3684 forem.

233 3731 349 3792 Scilicet
368 3732 487 3812 ignotus
509 3730 625 3790 scretis
646 3727 719 3788 mihi
729 3773 738 3804 ,
759 3730 883 3792 nomina
903 3731 988 3811 cujus
1068 3783 1073 3792 .

269 3838 337 3917 Ipsa
357 3836 445 3898 etiam
465 3833 590 3896 Atlantis
611 3833 709 3894 littora
726 3835 791 3917 jam
811 3831 1010 3893 imbiberant?
