2946 5002
633 347 673 406 63

159 524 322 592 fationem
347 522 467 612 partim
483 519 598 590 afferre
616 521 721 613 juvat,
739 544 804 610 quo
819 536 851 591 et
868 523 1027 592 rationem
1043 524 1142 614 hujus

157 634 392 702 commentarii
412 633 644 724 perspiciamus
660 646 694 700 et
711 655 787 701 vero
801 634 910 719 simul,
930 636 1011 724 quid
1022 636 1144 726 priores

159 749 290 816 Horatii
310 759 580 816 commentatores
601 745 833 836 praestiterint,
854 748 949 816 nobis
973 762 1143 838 appareat,

161 885 184 926 »
201 863 309 945 Quum
331 880 407 927 sero
427 871 554 948 praeter
576 881 681 926 unum
704 857 876 926 Horatium
902 860 1021 951 lyricos
1043 859 1147 951 scrip-

160 986 250 1041 tores
269 971 383 1038 Latina
406 975 494 1038 Musa
524 970 631 1039 nullos
656 969 828 1059 reliquerit
848 971 1025 1058 hactenus,
1047 986 1145 1061 atquc

160 1086 193 1151 is
212 1088 311 1152 Poeta
334 1084 569 1152 sententiarum
591 1083 734 1170 divitiis,
751 1105 861 1151 rerum
878 1095 977 1171 atque
994 1085 1146 1153 historia·
1228 1125 1233 1135 ·

161 1219 241 1264 rum
254 1197 398 1264 abstrusa
418 1196 605 1288 cognitione
624 1207 658 1266 et
674 1196 848 1266 verborum
865 1196 1010 1286 pondere
1029 1195 1145 1262 inimi-

162 1309 261 1378 tabili
284 1323 423 1378 caeteros
451 1311 641 1395 antecellat,
675 1310 866 1400 praesertim
890 1309 926 1375 in
959 1309 1142 1376 carminum

163 1423 277 1505 libris,
300 1448 361 1493 neo
390 1425 425 1490 in
444 1425 535 1492 huno
558 1447 662 1513 usque
682 1425 771 1493 diem
796 1424 1023 1492 commentarii
1048 1423 1144 1515 (absit

163 1537 263 1604 dictis
293 1536 429 1625 invidia)
455 1537 514 1603 ulli
543 1559 629 1626 pene
661 1536 850 1604 Horatianus
875 1559 952 1626 opes
975 1536 1142 1604 inlunem

163 1648 330 1716 evocarint
357 1661 414 1714 aut
447 1646 652 1738 explanarint
678 1647 778 1738 (quod
804 1649 878 1715 ideo
905 1649 1029 1715 factum
1047 1649 1143 1717 arbi-

160 1773 256 1845 tror,
278 1761 369 1850 quod
391 1784 409 1828 e
431 1761 560 1829 Graecis
588 1759 755 1846 fontibus,
778 1759 909 1851 Lyrieos
933 1760 1028 1846 dico,
1053 1762 1142 1829 unde
1193 1835 1196 1842 ,

160 1873 320 1963 pleraque
342 1873 499 1940 derivavit
518 1873 575 1940 hic
595 1861 697 1941 Poeta
714 1895 874 1941 arcessere
895 1897 932 1941 ea
953 1895 1020 1942 non
1044 1873 1142 1944 labo-

161 1984 282 2073 rarint)
315 1986 452 2077 aggredi
481 1985 565 2051 mihi
587 1986 711 2076 placuit
740 1985 909 2054 difficilem
940 1985 1142 2076 provinciam

162 2111 199 2166 et
227 2099 364 2184 duram,
393 2096 565 2187 lucemque
593 2098 736 2189 eleganti
763 2099 820 2166 sed
845 2098 943 2187 paulo
964 2099 1142 2168 obscuriori

162 2215 281 2279 Poetae
307 2211 442 2297 addere,
475 2215 585 2302 aperta
608 2211 651 2277 ad
671 2209 797 2300 reliqua
826 2212 895 2300 ejus
926 2211 1056 2300 generis
1088 2212 1142 2279 in-

161 2323 342 2413 telligenda
367 2326 488 2414 magni
518 2323 671 2390 fenestra.
726 2321 895 2412 Siquidem
916 2325 1022 2390 Acron
1041 2323 1140 2412 plaee

160 2456 303 2526 rumque
323 2436 555 2527 Porphyrionis
577 2434 698 2525 plumis
718 2433 853 2502 vestitus
875 2434 1059 2532 saepissime
1074 2435 1139 2501 im-

161 2549 284 2639 pingit,
298 2547 402 2617 foedis
423 2549 586 2618 erroribus
607 2561 640 2616 et
658 2547 785 2616 mendis
804 2547 1005 2615 maculosus:
1021 2547 1138 2614 Hallu-

160 2662 290 2728 cinatur
314 2683 562 2751 nonnumquam
593 2660 628 2728 in
650 2661 736 2728 clard
757 2661 830 2728 luce
852 2673 885 2728 et
908 2661 1133 2751 Porphyrion:

161 2773 371 2844 Mancinellus
392 2797 523 2864 quoque
546 2796 691 2843 errorum
712 2797 830 2842 vacuus
851 2795 919 2842 non
944 2786 1003 2840 est.
1041 2776 1136 2843 Ban-

158 2886 242 2955 finio
256 2886 369 2954 nullus
394 2887 517 2977 ineptit
537 2887 641 2976 magis
663 2899 695 2980 et
716 2886 795 2952 dum
814 2885 856 2952 ab
874 2885 946 2952 aliis
966 2885 1136 2954 dissentire
1226 2952 1228 2955 ,

158 3000 303 3068 studiose
324 3000 440 3091 gestit,
457 2999 571 3066 Siculis
593 2999 695 3090 gerris
714 2999 843 3067 vaniora
864 2997 1132 3066 comminiscitur.

142 3113 281 3206 ,Badius
300 3135 357 3181 suo
376 3136 466 3180 more
481 3118 654 3189 &aaronica
672 3118 776 3196 βαδίζει
791 3112 944 3179 corticem
961 3107 1133 3176 verborum

161 3227 267 3294 solum
295 3225 462 3309 delibans,
493 3224 535 3291 ad
565 3224 667 3315 ipsam
689 3246 798 3291 rerum
824 3221 1002 3289 medullam
1026 3241 1132 3288 num-

160 3359 260 3426 quam
281 3351 466 3427 penetrans.
509 3335 584 3404 Plus
608 3334 776 3423 aliquanto
799 3333 932 3402 caeteris
951 3332 1035 3400 vidit
1056 3328 1134 3399 Gla-

159 3471 274 3516 reanus
298 3461 332 3516 ct
351 3447 546 3538 praestitit.''

198 3673 455 3744 commentantis
473 3679 509 3740 ia
527 3673 662 3742 Librum
673 3675 721 3740 111
743 3674 909 3741 Aerzcidos
930 3673 1091 3764 Virgilii.

206 3899 388 3966 Dictaverat
426 3899 662 3969 Annotationes
696 3899 731 3964 in
751 3895 901 3983 'Librum
926 3904 946 3964 t
974 3895 1134 3964 Aeneidos
