3024 5006
508 551 789 642 'Epithalamium
807 553 843 613 in
866 547 1027 618 Cortinira'
1043 553 1190 638 nuptias,

327 741 329 748 ’
422 753 535 822 Joann.
550 754 625 818 Ant.
640 749 878 817 Baertwicenus
896 749 1022 838 scripsit
1037 749 1133 817 lunio
1148 747 1343 837 »Epithala-

377 862 481 930 mium
504 862 539 928 in
564 860 709 930 Casimiri
731 862 859 952 nuptias
880 884 898 926 a
916 873 949 927 te
969 859 1146 951 seriptum,
1168 859 1341 930 desiderat.

376 973 605 1065 (Redingerus)
631 971 721 1040 llulti
740 984 810 1038 tum
825 973 995 1041 nobilitate
1013 986 1085 1039 tum
1105 973 1221 1040 litteris
1241 973 1343 1064 insig-

375 1077 442 1152 nes*
457 1085 518 1152 viri
547 1085 596 1152 tui
619 1085 763 1152 amantes
788 1085 972 1153 exhibitum
994 1065 1060 1154 non
1084 1085 1183 1154 fuisse
1207 1087 1341 1170 dolent,

373 1221 450 1264 nam
475 1197 611 1265 Palatini
634 1200 836 1266 oeconomus
870 1198 933 1268 tibi
965 1199 1178 1266 ducentorum
1206 1219 1341 1266 eorona-

372 1303 480 1375 t'orum
503 1309 715 1377 honorarium
740 1308 869 1376 dicebat
889 1308 987 1378 fuisse
1008 1311 1241 1378 destinatum.''

754 1562 956 1630 Summanus.

416 1762 580 1830 Promittit
602 1761 638 1829 in
663 1761 805 1850 Epistola
826 1761 974 1829 Gisberto
997 1766 1202 1832 Heermanno
1219 1786 1252 1853 p.
1278 1770 1342 1832 292

371 1875 552 1942 versionem
580 1871 750 1940 Sozomeni
774 1873 930 1963 Tlreologi
954 1899 970 1938 n
983 1871 1342 1944 Sozomenum'curabo

375 1997 413 2050 ut
435 1986 496 2050 sub
523 2006 642 2051 novum
668 1987 791 2050 annum
823 1998 948 2052 strenae
979 1986 1074 2071 loeo,
1105 1987 1230 2055 volente
1257 1989 1341 2070 Deo,

369 2095 510 2186 aeoipias
532 2119 550 2161 a
577 2119 629 2162 me
650 2099 871 2164 conversum.’'
1062 2099 1066 2107 '

611 2347 816 2415 Colleetonea
831 2349 871 2414 de
888 2347 1106 2416 Bivanott'one.

414 2551 560 2614 Testatur
571 2547 682 2615 Velius
693 2548 815 2630 ‚Chrom
837 2553 936 2616 llorn.
959 2554 993 2616 L.
1006 2551 1034 2620 V
1049 2572 1083 2638 p.
1105 2554 1188 2632 640,
1208 2573 1241 2617 se
1254 2552 1341 2640 apud

371 2660 447 2738 Alb.
470 2658 661 2729 Verlanium
686 2662 729 2740 fl.
751 2659 840 2726 lunii
861 2684 899 2727 ex
914 2660 985 2727 filia
1008 2675 1159 2749 nepotem
1178 2661 1241 2728 hoe
1261 2685 1341 2751 opus

374 2765 473 2838 manu
496 2772 652 2861 seriptum
668 2769 799 2837 vidisse.

769 3023 953 3114 Epistulae.

418 3225 550 3289 Exstant
573 3217 612 3287 'in
640 3215 842 3289 Bibliotheca
873 3220 1198 3312 Rheno-trajeetinae
1217 3225 1341 3292 Acade-

375 3335 461 3401 miae
496 3335 580 3401 duae
610 3333 700 3400 lunii
733 3332 947 3423 Epistularum
983 3335 1170 3420 Ceramiae,
1202 3358 1340 3426 quarum

372 3447 463 3534 prior
486 3446 603 3536 soripta
628 3445 721 3514 Petri
733 3445 821 3513 lunii
841 3467 940 3513 manu
963 3458 1030 3514 tota
1050 3445 1118 3514 fere
1136 3460 1184 3516 est
1204 3447 1338 3516 inedita.

374 3549 533 3646 Epistolae
552 3578 627 3625 rero
648 3556 780 3624 alterius
800 3558 986 3640 centuriae,
1014 3580 1098 3647 quae
1124 3561 1215 3650 cujus
1238 3583 1339 3627 mauu

372 3668 511 3758 scriptae
535 3668 619 3751 sint,
641 3670 768 3754 neseio,
793 3693 904 3739 omnes
928 3670 997 3739 fere
1026 3671 1062 3738 in
1086 3672 1229 3742 editione
1250 3672 1340 3762 epis-

372 3781 511 3848 tolarum
542 3779 762 3848 inveniuntur.
827 3784 1002 3852 Colleetae*
1028 3797 1104 3851 sunt
1131 3785 1291 3875 Epistulae
1320 3807 1339 3850 a

372 3895 407 3959 P.
433 3896 618 3960 Burmanno
642 3896 710 3961 Sec.
731 3895 955 3982 quihasduas
975 3896 1339 3989 centurias‚prae1uissl
