2946 5002
523 323 656 390 Ἰ83

260 559 458 651 Aphorismi
473 556 693 650 Hippocratis
711 563 855 625 carmine
873 556 998 624 donate.

187 739 216 802 A
239 735 333 806 Velio
365 735 534 825 hocopus
559 735 655 802 editis
685 735 896 804 adscribitur:
933 757 1113 826 numquam

133 863 254 926 tamen
284 849 412 916 editum
437 847 536 917 fuisse
568 849 686 942 colligo
712 873 752 918 ex
775 848 917 940 Epistola
947 853 982 916 P.
1016 848 1113 916 lunio

134 965 180 1028 P.
203 962 371 1048 Ronssaei,
393 963 451 1052 qui
473 963 586 1032 scribit
604 985 763 1032 »carmen
786 963 870 1031 illud
886 963 1114 1054 paraphrasti-

134 1099 218 1144 cum
240 1077 276 1144 in
299 1077 507 1167 Aphorismos
524 1077 701 1146 admodum
721 1078 864 1169 placuit,
886 1089 984 1167 atquc
1008 1075 1115 1166 pluri-

135 1211 234 1256 mum
261 1213 316 1258 mc
348 1190 409 1258 tibi
443 1190 546 1260 fateor
569 1191 710 1276 debere,
741 1191 831 1280 quod
851 1189 920 1280 ejus
947 1186 1112 1276 exemplar

135 1302 366 1371 transmiseris.
412 1303 512 1372 Doleo
534 1304 667 1371 interim
687 1299 840 1372 festinam
858 1315 997 1371 mortem
1011 1299 1112 1391 patris

119 1414 394 1504 praepedivisse,
412 1438 480 1504 quo
500 1415 609 1484 minus
623 1416 666 1483 ad
680 1414 872 1483 umbilicum
893 1412 1111 1505 pervenerit.''

320 1665 489 1774 Stromctc
507 1672 574 1732 sive
590 1665 753 1758 Epitheta
781 1635 922 1764 liraeca.

187 1869 275 1934 Ilaec
299 1888 366 1934 non
388 1866 512 1956 publici
535 1865 619 1956 juris
639 1865 724 1934 lacta
748 1887 815 1932 csse
835 1863 1002 1948 dolemus,
1023 1884 1114 1952 prae·

139 1976 255 2044 sertim
279 1977 305 2044 si
320 1977 460 2070 legimus
480 1976 656 2070 Epistulam
669 1977 758 2046 Junii
772 1981 808 2044 P.
821 1977 947 2046 Nunnio
958 1999 992 2066 p.
1005 1981 1046 2044 40
1067 1974 1112 2066 (ll

141 2089 179 2156 in
194 2091 260 2177 qul
284 2089 336 2176 bis
356 2090 482 2169 verbis,
507 2091 649 2179 quidde
674 2113 713 2158 eo
733 2093 830 2180 ope'rc
852 2088 1048 2179 sperandum
1065 2110 1116 2156 es-

139 2215 208 2286 set,
231 2199 418 2295 profitetur3
441 2202 557 2270 »illud
576 2226 656 2293 opus
680 2202 808 2270 volente
825 2203 891 2268 Dec
916 2202 961 2267 ita
990 2199 1114 2269 ornabo

140 2313 312 2402 utriusque
331 2314 467 2405 linguae
492 2313 629 2405 opibus,
658 2312 704 2378 ita
730 2309 837 2379 variae
861 2310 1009 2378 lectionis
1026 2334 1115 2400 penu

141 2426 321 2510 instruam,
340 2425 386 2494 ita
412 2425 586 2516 multiplici
608 2422 899 2493 innumerabilium
919 2421 1114 2512 scriptorum

139 2537 336 2606 testimoniis
362 2537 586 2628 locupletabo,
610 2551 648 2605 ut
673 2534 889 2605 literatoribus
908 2534 1060 2603 omnibus
1081 2547 1115 2602 et

138 2649 198 2739 qui
230 2649 399 2738 utriusque
424 2649 557 2739 linguae
584 2661 710 2718 autores
732 2646 902 2739 expensius
929 2645 1113 2738 intelligere

137 2761 271 2842 volent,
292 2761 502 2830 utilissimum
527 2763 674 2831 futurum
695 2762 753 2846 sit,
770 2761 833 2829 nisi
853 2783 906 2830 me
920 2783 1012 2829 meus
1026 2760 1114 2830 fallit

137 2873 282 2960 Genius,
310 2874 542 2964 superabitque
564 2875 650 2944 mole
671 2874 832 2943 Chiliadas
853 2874 1013 2942 Erasmi.’'

186 3104 226 3164 ‘0
239 3105 412 3178 scearpeorde
422 3106 472 3173 τῆς
486 3099 653 3174 Ἐκκλησία
666 3107 858 3179 Βριττιννικῆς
870 3102 911 3172 lii
925 3102 1108 3181 μετίλλιξις

190 3259 193 3264 ,
229 3211 278 3270 nal
296 3212 410 3282 μᾶλλον
430 3210 582 3284 §ancorale
604 3213 654 3282 τῆς
674 3210 767 3273 barile
788 3208 942 3286 θρησκείας·
965 3233 967 3239 ’

139 3433 207 3498 Ηοο
226 3431 416 3521 opusculum
436 3432 647 3502 tumultuario
664 3432 923 3525 studioelingud
937 3433 1108 3501 vernacula
1213 3513 1217 3517 ,

136 3564 371 3611 conversuma
405 3544 502 3613 lunio
527 3549 573 3636 (2)
602 3569 805 3635 numquam,
833 3551 992 3636 quantum
1022 3545 1105 3626 scio,

135 3653 264 3722 editum
283 3668 341 3722 est.

170 3819 209 3888 (ι)
226 3821 263 3870 er.
284 3823 328 3888 sp
341 3824 368 3872 r.
389 3785 479 3872 siai
496 3840 520 3890 p.
541 3823 599 3873 nc.

168 3911 208 3980 (2)
226 3915 264 3963 (ll.
277 3915 320 3981 tp.
339 3915 410 3971 Cora.
426 3916 511 3964 loanni
529 3933 552 3980 p.
572 3915 614 3964 ⁴5.
