2930 4996
636 305 678 366 89

165 485 273 552 d-inms
296 482 416 568 fuerit,
439 505 506 550 uon
523 483 743 551 satisoonstat
761 485 822 575 (1).
846 487 880 556 si
896 489 1032 577 dicam,
1050 493 1147 579 quod‘

86 587 119 668 ‚¹
164 597 291 681 sentio,
327 618 403 662 eum
436 617 496 684 per
524 607 627 663 totam
661 595 763 664 vitam
797 600 1044 672 Pontificicrum
1072 627 1141 672 soc-

163 725 237 777 tam
260 709 410 798 probasse
431 707 589 778 existimo.
637 709 731 793 Quod
755 710 869 783 multis
885 715 1015 804 probari
1036 729 1141 806 potest

165 823 379 906 testimoniis,
403 843 551 912 ‘quorum
593 822 675 890 haec
710 835 837 892 tantum
877 828 1005 896 adferre
1046 829 1139 898 libet.

167 936 334 1006 Convertit
367 959 386 1004 e
419 934 592 1003 vernacula
620 935 790 1022 libellum,
818 938 873 1006 cui
908 941 1019 1013 titulus
1051 955 1138 1026 crat,

162 1059 177 1116 ὅ
204 1058 382 1133 summersis
404 1061 455 1128 ciis
475 1052 646 1129 msam
665 1060 896 1135 noemma&
920 1060 1140 1138 ἡμέλλιξις

165 1175 221 1234 καὶ
251 1175 363 1246 usam
391 1174 545 1248 ῥτηνμῦς
564 1175 624 1242 «τῆς
650 1171 747 1236 dusiis
764 1171 919 1248 'dusmiso
942 1168 1000 1257 (2).
1058 1173 1140 1236 Tum

166 1277 298 1368 scripsit
319 1277 510 1366 opusculum
535 1277 630 1344 usco
661 1276 702 1344 de
720 1278 919 1346 rGernraniae
945 1279 1061 1364 rebus,
1084 1282 1141 1348 cui

167 1391 235 1458 duo
256 1389 399 1458 Disticha
422 1387 580 1458 Chronica
602 1401 678 1458 suut
699 1389 811 1457 addita
832 1390 867 1456 in
898 1393 1020 1460 Ducem
1041 1395 1143 1459 Sarro-
1187 1435 1189 1439 -

167 1501 243 1571 niae
263 1525 281 1569 s
300 1502 415 1571 Garolo
441 1505 614 1591 Vcaptu‘m
631 1501 691 1587 (3).
715 1501 886 1572 Permultis
905 1515 1069 1593 pmusrm
1090 1505 1142 1572 lo-

168 1616 217 1683 cis
236 1605 494 1684 hoccsenten'tia
513 1615 552 1682 in
569 1613 719 1706 Epistolis
733 1615 901 1706 probatur.
932 1621 1016 1684 Eum
1033 1629 1153 1688 autem

168 1742 311 1796 extremo
333 1728 417 1795 virae
437 1740 603 1818 tempore,
622 1727 668 1794 uti
690 1719 841 1796 nonnulli
862 1741 1056 1810 statuerunt,
1077 1733 1145 1798 Re·

165 1841 314 1910 formatis
336 1839 534 1924 adhaesisse,
558 1863 626 1908 non
646 1839 731 1908 mihi
751 1840 913 1931 apparuit,
928 1865 1047 1930 ,neque
1069 1863 1145 1910 cum

170 1954 211 2022 iis
231 1953 416 2042 saniorque
438 1966 470 2021 oc
492 1976 530 2021 ex
545 1953 767 2022 familiaritate
790 1977 865 2020 cum
875 1953 1027 2044 Principe
1041 1957 1146 2024 Amu-

170 2067 275 2151 siaoo,
297 2079 333 2134 et
349 2088 434 2134 sero
453 2088 491 2134 ex
514 2088 571 2150 eo,
591 2066 686 2154 quod
703 2065 797 2134 docus
817 2066 862 2132 ab
877 2066 1069 2136 Hollandiae
1089 2091 1146 2136 or-

168 2179 302 2247 dinibus
323 2179 407 2246 inter
427 2177 622 2248 Psofessores
650 2177 875 2268 Lugdunensis
894 2179 1088 2248 Academiae
1114 2180 1145 2247 ei

167 2291 269 2360 fuerit
295 2291 473 2358 destinatus
493 2290 555 2381 (4),
583 2289 793 2359 reformatum
817 2313 891 2356 cum
914 2291 1013 2357 fuisse
1035 2293 1147 2383 suspi-

167 2417 294 2472 cantur.
333 2405 462 2472 Etenim
479 2405 596 2473 scimus
615 2404 815 2470 Gulieimum
832 2406 864 2486 Ι,
888 2403 983 2470 bonis
1007 2403 1143 2490 civibus,

167 2513 398 2607 quamcunque
433 2517 531 2585 etiam
555 2529 674 2584 sectam
704 2521 915 2604 sequerentur
935 2515 1141 2607 religiosam,

167 2632 321 2701 omnibus
342 2653 445 2719 aeque
468 2629 598 2715 favisse3
621 2642 693 2696 tum
719 2651 793 2696 vero
819 2641 935 2697 notum
958 2645 1024 2722 esc,
1059 2629 1157 2698 inter·
1259 2643 1262 2652 ’

164 2747 288 2838 primos
307 2744 501 2812 Academiae
519 2743 837 2833 lugduno-Batavus
859 2742 1053 2812 Professores
1071 2745 1143 2834 plu·

166 2881 216 2926 res
240 2856 336 2924 initio
357 2855 455 2922 fuisse
478 2854 669 2924 Catholicos.

210 2971 380 3060 Siquidem
403 2959 440 3036 ea
464 2982 512 3036 est
532 2968 721 3036 mortalium·
736 2980 871 3052 natura,
897 2982 946 3048 ut,
970 2968 1028 3056 qui
1051 2966 1142 3036 omni

165 3084 245 3152 vitio
270 3094 381 3167 vacet,
407 3105 505 3150 nemo
531 3081 589 3166 sit,
613 3081 748 3147 Junium
772 3102 904 3168 quoque
922 3079 1030 3168 aliqud
1049 3094 1141 3168 parte

166 3194 493 3264 minuslaudabilem
514 3194 631 3274 fuisse,
657 3193 730 3282 quis
755 3192 913 3259 miretur?
945 3194 1140 3258 Graecorum

169 3331 293 3404 morem
324 3309 503 3398 majoribus
538 3307 573 3374 iu
604 3307 727 3396 poculis
751 3303 921 3394 poscendis
945 3324 1020 3370 eum
1042 3302 1141 3372 fuisse

200 3503 237 3572 (1)
255 3506 292 3553 ef.
303 3505 375 3554 Bodas
391 3504 476 3555 Annal.
499 3505 524 3552 Ι..
536 3505 564 3551 V.
595 3503 665 3569 Bayle
693 3505 717 3552 in
740 3521 762 3552 v.
783 3505 812 3552 Η.
832 3505 854 3551 J.
875 3514 899 3551 et
917 3503 946 3552 ab
964 3509 992 3555 0.
1013 3480 1040 3554 de
1064 3508 1141 3574 Bruyn
1161 3521 1162 3526 ’

169 3597 347 3662 psas-4³³.

203 3687 240 3756 (2)
257 3689 294 3738 Cf.
313 3690 356 3754 Ep.
376 3691 443 3738 Corn.
463 3689 556 3736 Joenui.
575 3705 599 3752 p.
620 3689 662 3736 45.
781 3735 785 3750 ,

201 3779 350 3847 (c)1n.0p.
370 3782 412 3845 Ep.
430 3797 454 3845 p.
474 3781 572 3829 60—61
593 3779 688 3828 inclusa.

202 3872 240 3939 (4)
258 3875 296 3922 ef.
315 3873 436 3922 Μουκίας.
456 3873 513 3922 ΑῑΙι.
533 3876 583 3923 aas.
603 3891 626 3938 p.
647 3875 689 3922 93.
