2930 4996
824 383 864 446 ld

351 579 401 633 tus
423 576 516 633 esset.
554 562 690 651 Scripsit
703 561 837 654 Delphis
866 561 1097 652 Christophoro
1118 546 1268 634 Plautino
1279 567 1334 657 (1)

350 681 499 749 »Salvere
524 677 666 746 multum
692 699 710 743 a
731 675 916 768 longinquo
958 679 1120 744 llusarum
1153 678 1268 746 exsilio
1289 693 1330 747 te

345 793 472 882 jubeo,
487 789 547 882 qui
565 789 677 882 procul
699 789 742 856 ab
757 809 856 858 uxore
874 801 908 858 et
924 788 1117 879 penatibus,
1145 813 1236 859 serso
1257 792 1329 860 solo

351 903 513 972 insuetam
530 900 739 970 solitudinem
767 899 860 986 colo,
889 901 925 968 in
949 901 1072 991 quiid
1097 901 1179 969 mihi
1196 903 1332 992 gravis-

349 1015 467 1084 simum
488 1014 617 1100 accidit,
637 1014 727 1103 quod
741 1011 900 1082 librorum
912 1012 1067 1080 familiari
1089 1015 1331 1084 consuetudine

349 1127 526 1196 carendum
541 1126 616 1194 sit.''
640 1130 713 1222 lam
735 1124 830 1192 initio
850 1125 928 1192 anni
942 1131 1025 1194 lota
1041 1126 1301 1215 spmarcratiore
1312 1179 1328 1211 ,

350 1255 404 1326 ut,
431 1255 525 1332 capto
553 1238 782 1330 ldedioburgo,
807 1236 931 1306 ibidem
955 1238 1091 1307 domum
1116 1239 1326 1307 commodam

348 1368 383 1423 et
420 1354 593 1422 honestum
622 1351 821 1442 stipendium
847 1349 1038 1440 impetraret
1073 1349 1235 1420 hnefimo
1266 1351 1323 1418 lll.

350 1465 509 1556 Principis
522 1465 580 1556 (2).
604 1467 676 1548 Qud
692 1462 735 1531 de
753 1485 789 1530 re
803 1462 933 1552 scripsit
945 1463 990 1530 ad
1008 1463 1166 1530 Jacobum
1180 1463 1322 1534 ldusium

349 1578 392 1646 ab
407 1578 502 1667 llolij,
525 1574 685 1666 Principis
700 1575 946 1660 Consularium,
974 1576 1066 1666 cujus
1083 1579 1182 1665 opert
1198 1575 1322 1644 factm

348 1703 416 1775 cst,
440 1701 477 1756 ut
497 1687 628 1758 Carolus
651 1687 816 1768 Boisotus,
837 1686 1001 1758 Valacriaa
1025 1686 1226 1774 Praefectus,
1247 1703 1324 1780 post

348 1801 463 1870 urbem
486 1813 612 1890 captam
633 1821 719 1868 suno
747 1806 831 1867 tots
855 1799 1054 1890 provinciam
1078 1813 1259 1890 exoptatam
1286 1804 1320 1870 ei

347 1913 548 1982 concesserit.
577 1911 774 2001 Epistulam,
790 1911 854 2000 qul
865 1911 991 1980 Boisoto
1006 1911 1048 1978 ob
1060 1910 1319 1982 benevolentiam

348 2023 465 2115 gratias
489 2025 576 2116 agit,
599 2022 758 2092 ineditam
781 2023 844 2092 hoc
868 2025 939 2092 loco
963 2024 1202 2094 communicare
1227 2027 1320 2094 haud

347 2135 492 2204 alienum
501 2136 630 2205 videtur
638 2137 699 2226 (3).
723 2133 943 2204 »Intellexicx
959 2135 1089 2204 Domini
1100 2136 1320 2220 lusiirerbis,

345 2249 464 2318 clariss.
489 2251 637 2332 Boisote,
653 2249 827 2341 singulare
845 2263 948 2316 tuum.
964 2271 1041 2339 erga
1058 2269 1113 2316 mc
1127 2249 1271 2317 studium
1284 2263 1318 2318 et

345 2363 555 2454 cunjunctam
583 2387 659 2433 cum
684 2385 794 2432 amore
813 2361 1097 2446 benevolentiam,
1121 2361 1204 2450 qui,
1224 2385 1317 2430 amc·

346 2476 444 2545 dente
459 2477 573 2544 eodem
596 2474 758 2544 Illustriss.
775 2475 934 2565 Principis
946 2474 1129 2560 voluntate,
1148 2476 1319 2543 destinaris
1374 2517 1375 2524 κ
1406 2537 1408 2544 ,
1453 2459 1454 2466 ¹

345 2589 429 2656 mihi
453 2589 559 2655 locum
587 2587 791 2676 Mediohurgi
814 2587 849 2652 in
873 2587 1011 2654 abbatia
1043 2611 1119 2656 cum
1143 2588 1313 2658 honorario

346 2719 468 2765 annuo.
485 2696 523 2762 ld
538 2697 566 2764 si
585 2696 633 2762 ¹itu
655 2708 716 2781 est,
735 2709 775 2763 ut
787 2697 828 2764 de
847 2697 986 2768 virliide
998 2722 1066 2768 uon
1078 2699 1207 2788 dubito,
1220 2723 1313 2792 quam

378 2857 416 2925 (ι)
423 2860 465 2923 up.
475 2851 519 2907 ua
527 2857 581 2907 chr.
588 2839 796 2909 estiomenus
807 2861 836 2910 o
847 2862 901 2912 oue
910 2863 1024 2929 smsjnp.
1033 2864 1093 2914 sse.
1104 2864 1201 2931 oopus
1210 2881 1256 2915 non
1264 2875 1312 2914 un-

344 2960 394 2998 tum
411 2947 509 2998 medicas
524 2951 612 3016 optilam
621 2951 713 3000 Patriae
725 2950 790 3000 Patri
796 2941 875 3018 operas
881 2954 999 3018 praestitit
1011 2952 1052 3002 sed
1063 2955 1133 3004 etism
1142 2958 1217 3021 prima
1226 2956 1311 3006 studio·

342 3059 394 3110 rum
405 3041 537 3094 rudimenta
547 3041 592 3092 lilii
603 3045 652 3106 clus
663 3044 768 3094 lisuritii
776 3046 848 3109 rexit,
857 3045 961 3110 Epistold
974 3045 1122 3096 aulielnorv
1138 3063 1166 3113 p.
1174 3049 1228 3098 475
1237 3049 1313 3098 cinti.

341 3141 390 3190 lloc
398 3148 478 3189 autem
488 3137 583 3186 minime
593 3153 623 3186 ex
631 3136 767 3204 etEpistcli
774 3147 879 3204 apparet,
892 3139 1011 3206 quaejam
1020 3155 1080 3188 auuc
1091 3141 1157 3190 16117
1166 3143 1251 3207 scripta
1264 3151 1312 3206 cst,

279 3221 281 3226 ,
341 3233 438 3301 Delphis
446 3249 505 3290 sero,
513 3229 627 3280 habitasse
638 3229 736 3278 lunium
747 3231 812 3278 annis
824 3231 889 3279 luta
902 3239 926 3278 et
940 3232 1007 3280 sota
1023 3230 1117 3282 demum
1125 3243 1222 3282 consus.
1245 3236 1310 3282 Error

340 3327 391 3374 Viri
403 3303 536 3374 llcctissimi
545 3334 609 3373 ortus
621 3332 655 3372 est
666 3338 695 3371 ex
705 3320 742 3368 hia
753 3320 768 3369 J
770 3321 820 3369 unii
829 3319 906 3369 verbis
922 3321 1007 3385 »Quod
1018 3323 1044 3371 in
1052 3322 1077 3371 id
1084 3323 1231 3374 incubuerim
1245 3324 1316 3374 lllus·

339 3417 439 3464 trissime
447 3417 570 3481 Princeps,
583 3431 656 3482 ecque
668 3431 729 3463 meas
738 3409 888 3479 cogitationes
899 3415 1061 3479 conrates-im,
1073 3423 1102 3464 nt
1110 3403 1157 3464 lilii
1168 3417 1206 3464 tui
1215 3426 1313 3465 summas

339 3509 391 3574 spei
404 3509 505 3572 patrias
513 3524 556 3572 per
564 3523 617 3555 eum
625 3517 730 3556 caeteras
738 3507 872 3572 juventutis
882 3505 958 3556 literis
968 3505 1073 3556 addictas
1082 3507 1161 3556 studi
1171 3507 1314 3574 adjurarem,

339 3618 388 3656 non
396 3597 489 3662 dubito,
503 3599 561 3663 quin
573 3599 642 3662 gestio
650 3584 677 3660 id
686 3598 800 3663 placuerit
813 3595 950 3663 tuo.”‚Quo
960 3598 1011 3648 locs
1022 3615 1070 3652 uass
1079 3601 1175 3664 respicit
1185 3602 1271 3660 lunius
1283 3598 1311 3650 sd

340 3693 475 3744 llauritium
483 3689 524 3739 sed
533 3689 562 3738 ad
572 3689 706 3754 Philippum
721 3690 878 3754 Gulielmum,
890 3692 929 3740 cui
942 3692 1015 3755 priori
1023 3708 1082 3740 anno
1095 3693 1161 3741 lbdd
1177 3693 1310 3742 llcmenels·

340 3796 413 3834 torem
424 3783 580 3833 dedicaverat.
942 3837 945 3844 r

373 3874 410 3944 (2)
428 3877 464 3925 Cl.
477 3877 519 3940 Ep.
532 3875 581 3922 lac.
594 3873 668 3922 llusio
681 3872 710 3921 ab
723 3873 794 3939 llolij,
805 3891 829 3940 p.
843 3875 902 3923 484.
1006 3915 1009 3930 ,
1271 3909 1274 3919 ,

373 3966 410 4034 (d)
430 3970 472 4033 up.
487 3968 531 4015 HS.
547 3965 727 4015 Garolclloiscto
739 3966 857 4016 Vslacrise
868 3967 1018 4021 marsuam
1029 3967 1160 4020 Praefecto.
1272 4015 1276 4024 ,
