2946 5002
796 586 834 646 11.

375 747 445 808 Siste
465 745 591 830 hospes:
616 747 739 808 Batarae
756 747 838 830 jacet
858 745 908 808 hic
928 745 1056 829 regionis
1077 747 1201 823 ocellus,
1266 817 1276 826 ,

413 852 531 912 lloctius
553 851 708 914 Oenotriae
727 871 789 934 quo
809 849 886 912 nihil
905 871 957 912 ora
977 850 1057 912 tulit.

375 957 499 1038 Quoque
518 954 614 1032 nihil,
635 955 719 1016 coelo
739 955 791 1038 qui
812 955 958 1038 conspicit
977 954 1101 1035 omnia,
1122 954 1254 1018 Phoebus

415 1057 512 1120 llehau
532 1061 564 1120 in
583 1059 723 1122 humanis
742 1045 816 1120 riclit
836 1057 1001 1121 amabilius.

374 1163 451 1224 llum
459 1172 559 1226 tamen
568 1161 1307 1240 hunclledicum,numVatem,anllhetoradicam,

415 1267 463 1328 An
483 1269 581 1350 potius
600 1270 693 1329 nostri
713 1269 853 1351 temporis
868 1267 1066 1330 llistoricuml

374 1371 495 1448 Nescio,
517 1369 639 1456 quando
658 1373 739 1434 Unus
758 1371 844 1435 nobis
864 1371 920 1432 suit
940 1372 1057 1447 omnia,
1080 1369 1167 1432 nullo

415 1475 541 1537 Nomine
561 1496 625 1536 non
645 1475 689 1536 illi
710 1476 905 1538 conveniente
924 1476 997 1536 viro.

375 1579 501 1642 Noverat
520 1591 549 1641 et
567 1577 656 1640 rebus
675 1579 781 1656 amba,
802 1589 832 1641 et
849 1600 895 1640 res
911 1581 1038 1664 jungere
1058 1577 1170 1655 verbis,

417 1685 510 1746 Juxta
528 1683 609 1746 idem
629 1693 659 1744 et
678 1683 819 1767 Sophiam
840 1682 961 1760 doctus,
982 1693 1012 1744 et
1030 1681 1169 1744 Uranien.

378 1787 477 1866 Qualis
497 1807 628 1869 namque
649 1786 787 1870 frequens
807 1787 956 1848 Francisci
976 1797 1108 1870 tempore
1127 1787 1213 1868 llegis

417 1891 579 1952 Doctorum
599 1890 706 1951 enituit
724 1891 837 1952 Franco
858 1911 911 1974 per
930 1913 999 1954 arra
1018 1890 1143 1966 chorus,
1220 1921 1225 1944 ι

378 1992 454 2054 Talis
471 1995 505 2054 in
526 1992 675 2053 llollamlo
694 1995 771 2056 visus
790 1995 881 2056 modo
902 1996 1008 2058 lunius
1029 1994 1109 2055 orbe.

419 2097 489 2174 Quis
508 2117 573 2158 nou
592 2096 674 2160 mille
694 2099 770 2159 viros
791 2099 943 2160 crederet?
963 2101 1044 2160 llnus
1063 2109 1142 2173 erat,

379 2198 435 2262 Sed
457 2201 506 2262 cui
525 2203 650 2263 victricis
671 2201 749 2264 ultro
769 2212 843 2286 puto
863 2205 994 2288 praemia
1013 2203 1130 2286 palmae

418 2304 563 2368 Redderet
583 2328 633 2368 ore
653 2329 715 2368 uno
736 2309 856 2370 Graecia
875 2319 907 2369 ct
923 2309 1063 2382 Ausonia.⁴

378 2410 523 2473 Redderet
543 2422 573 2473 et
592 2412 703 2497 Satyris
721 2411 858 2489 huruns,
879 2415 1095 2496 Epigrammatc
1115 2415 1228 2476 llorcns
1238 2458 1247 2490 ,

419 2515 495 2578 llaec
515 2517 618 2599 elegis,
638 2539 738 2578 rernm
759 2518 929 2601 cognitione
948 2517 1045 2594 litus,

321 2641 324 2652 ¹
380 2620 535 2682 Pindarici
554 2621 677 2682 Flaccus
696 2624 856 2705 gravitate,
878 2622 1009 2684 Catullus
1028 2622 1156 2700 lambis,

419 2726 538 2786 lloctior
556 2724 624 2802 hic,
644 2736 675 2786 ct
693 2748 758 2786 non
777 2727 889 2803 mollis,
907 2739 941 2786 ut
960 2727 1028 2804 ille,
1048 2727 1114 2788 suit.

381 2829 486 2891 lirum
505 2827 539 2888 ni
558 2827 694 2890 historiae
712 2832 823 2913 primas
841 2829 912 2894 hui'c
932 2832 1068 2914 Crispus,
1086 2841 1115 2891 et
1134 2831 1196 2913 ipse

421 2933 559 2996 Traderet
577 2933 610 2992 in
632 2955 721 2994 cursu
739 2935 880 3018 lampada
899 2935 1098 3021 Thucydides.

380 3038 485 3104 lirum
504 3038 538 3098 ni
559 3049 638 3100 certo
658 3038 818 3100 nediume
837 3038 908 3101 huic
929 3040 1054 3102 callidus
1073 3061 1129 3100 usu

409 3142 560 3220 Sederat,
581 3155 610 3205 et
632 3141 682 3205 dio
702 3145 832 3205 carmine
849 3144 986 3228 Virgilius
993 3169 1002 3222 3

383 3253 418 3314 lit
438 3250 491 3336 qui
511 3249 663 3334 Scipiadae
683 3249 790 3310 meruit
810 3248 931 3311 confine
951 3246 1161 3332 sepulchrum,

418 3355 545 3438 Ingenio
564 3365 645 3415 rates
663 3355 831 3430 maximus,
852 3363 912 3414 arte
932 3353 1023 3414 rudis.

380 3459 440 3520 Nec
459 3459 515 3520 sihi
533 3460 697 3542 tergemino
715 3459 842 3519 nimium
863 3479 997 3518 sermone
1017 3456 1161 3540 placeret,

421 3561 573 3648 (ludoque
589 3566 714 3646 jactaret
733 3585 826 3624 vanus
843 3561 953 3623 hahere
973 3563 1039 3622 tria.

381 3679 455 3740 llam
476 3673 500 3734 si
519 3678 594 3756 quot
612 3667 729 3750 linguas
750 3666 900 3749 fingamus
920 3665 1009 3726 corda
1028 3665 1115 3725 fuisse

421 3779 517 3844 Ennio
527 3823 536 3852 ,
556 3773 628 3836 huic
648 3781 749 3833 nostro
768 3782 842 3856 quot
860 3770 1018 3832 tribuenda
1037 3771 1146 3852 putas?

381 3887 429 3950 llli
450 3907 482 3946 os
502 3885 574 3946 Osca
594 3875 716 3962 quidem
735 3876 862 3938 iaciebat
881 3875 984 3958 lingna
1004 3874 1143 3935 disertum
1153 3920 1162 3948 ,
