2946 5002
778 379 820 438 Ω

355 559 526 630 lledicarit
554 557 637 624 illud
661 556 808 626 lldoardo
832 569 937 638 sexto,
963 557 1100 648 Angliae
1122 561 1209 650 regi,
1233 563 1286 628 eui

317 674 451 741 titulum
475 671 657 742 Defensoris
679 670 760 738 fidei
780 683 814 738 et
839 671 982 762 supremi
1003 671 1204 762 Anglioanae
1227 676 1288 740 Ee-

316 785 432 854 olesiae
455 783 576 876 Capitis
595 783 729 870 tribuit,
753 805 854 872 quem
875 783 1009 852 titulum
1029 787 1101 853 Rex
1119 797 1182 852 eta
1198 797 1290 876 patre

278 943 282 949 ·
314 913 483 991 acceptum
503 899 648 967 habebat
668 911 701 966 et
727 897 857 988 Belgica
876 900 965 966 curia
983 899 1019 966 in
1038 897 1141 967 literis
1156 898 1292 966 adeum

315 1012 492 1103 usurpabat
514 1011 570 1103 (l)
588 1015 659 1096 Qua
678 1008 813 1100 quidem
832 1033 868 1078 re
887 1024 1014 1078 tantum
1035 1009 1099 1078 sibi
1117 1010 1184 1078 odii
1201 1011 1293 1100 apud

314 1125 452 1192 Paulum
463 1127 512 1191 111
538 1121 692 1192 conflavit
714 1121 845 1208 lunius,
872 1134 910 1189 ut
930 1121 1077 1190 Pontifex
1097 1125 1138 1189 Μ.
1158 1122 1194 1190 in
1212 1145 1297 1189 auo-

315 1250 425 1306 torum
460 1259 656 1320 numerum,
702 1258 782 1324 quos
815 1234 925 1326 legere
953 1235 1043 1304 nefas
1082 1249 1186 1322 esset,
1222 1236 1294 1326 ejus

316 1373 439 1420 nomen
479 1362 517 1417 ut
557 1347 738 1418 calviniani
776 1348 982 1417 adscriberet.
1041 1353 1146 1434 Quam
1186 1349 1294 1418 labem

304 1463 445 1553 scriptis
466 1463 530 1530 suis
551 1461 742 1552 adspersam*
757 1483 832 1528 oum
854 1460 978 1529 doleret
1005 1460 1139 1544 lunius,
1162 1461 1294 1548 hortatu

318 1576 487 1646 Benedicti
516 1575 616 1662 Atiae
629 1631 630 1636 1
644 1574 789 1643 Montani
810 1587 843 1642 et
869 1573 1022 1642 Gulielmi
1043 1574 1180 1642 Lindani
1204 1575 1293 1664 Epis·
1381 1603 1386 1610 ·

318 1689 391 1780 copi
425 1687 705 1756 Ruremundensis
727 1687 803 1776 ¹(2),
829 1677 937 1753 lileras
963 1685 1091 1777 scripsit
1114 1687 1159 1754 ad
1182 1687 1293 1758 Cardi-

318 1802 445 1888 nalium
475 1805 663 1870 eonsessum
686 1811 721 1866 et
751 1798 941 1867 Pontificem
971 1803 1012 1868 Μ.
1042 1813 1080 1867 ut
1101 1824 1193 1868 suam
1223 1803 1289 1868 Ca-

318 1913 459 1982 tholicae
493 1909 647 2000 religioni
680 1909 781 1977 fidem
810 1910 980 2018 probaret,
1014 1912 1133 2001 quibus
1170 1911 1290 1980 factum

321 2037 393 2105 est,
414 2037 451 2091 ut
477 2023 636 2095 librorum
662 2021 896 2108 limianorum,
923 2037 1037 2114 exepto
1060 2037 1171 2093 tamen
1188 2026 1291 2094 Lexioi

320 2136 433 2204 Graeci
447 2135 559 2216 titulo,
581 2135 677 2204 lectio
697 2134 848 2202 omnibus
864 2137 1105 2230 concederetur,
1115 2139 1180 2206 hoo
1188 2138 1291 2206 edicto

318 2249 485 2320 Pontificis
506 2253 547 2317 Μ.

367 2362 523 2430 lladriani
543 2363 643 2430 ¹lunii
671 2385 789 2454 nempe
819 2363 955 2447 Medici,
987 2363 1102 2431 titulus
1136 2364 1294 2456 praefixus

322 2479 358 2544 in
382 2476 549 2545 nonnullis
571 2476 810 2568 exemplaribus
840 2475 946 2544 Lexici
970 2477 1232 2561 Graeco-Latini3
1257 2500 1295 2544 eo

322 2591 419 2658 titulo
451 2600 606 2678 excepto,
640 2601 765 2656 caetera
796 2571 865 2678 ej'us
900 2610 997 2677 opera
1033 2588 1100 2680 legi
1141 2603 1297 2679 possunt,

231 2694 233 2698 ¹
324 2704 415 2793 quod
454 2701 541 2768 nihil
565 2712 685 2768 ‘contra
719 2723 831 2767 sanam
866 2701 1049 2768 doctrinam
1084 2701 1228 2768 habeant
1264 2715 1298 2770 et

295 2832 297 2836 ·
326 2813 620 2900 auctorem'ipsum
643 2823 766 2880 constet
792 2811 991 2880 catholicam
1017 2813 1118 2881 fidem
1138 2808 1297 2904 profiteri.

370 3065 558 3156 Philippeia
583 3068 650 3128 siue
677 3064 941 3153 Epithalamium
972 3069 1007 3128 in
1033 3042 1198 3156 ¹Philippi
1224 3076 1255 3131 et

667 3175 804 3242 Martiae
817 3182 960 3267 nuptias.

372 3387 440 3450 Hoc
462 3383 629 3451 heroicum
654 3403 805 3484 carmen,
826 3379 915 3468 quod
939 3380 974 3446 in
994 3380 1099 3470 patrii
1120 3380 1210 3447 haud
1231 3380 1300 3450 sine

330 3517 386 3584 spe
413 3505 563 3582 quaestus
587 3495 838 3584 conscripserat,
873 3492 1054 3561 absolutum
1082 3492 1219 3560 londini
1245 3516 1302 3559 euu

225 3623 226 3626 ’
331 3606 450 3674 cudere
482 3619 515 3673 et
545 3606 616 3696 regi
636 3607 789 3698 Philippo
812 3607 931 3674 deinde
956 3606 1024 3696 ipse
1044 3605 1158 3675 offerre
1180 3604 1301 3710 decre-

335 3815 337 3820 ·
366 3791 403 3859 (r)
422 3792 458 3841 cf.
478 3791 520 3856 up.
540 3788 654 3840 oraim.
674 3791 743 3840 cone.
760 3781 785 3858 p'.
811 3792 871 3840 aaa.

365 3883 403 3952 (2)
433 3885 470 3938 Gi.
504 3886 547 3950 llp.
571 3885 597 3932 ll.
628 3883 696 3932 Atiae
720 3883 827 3934 lloatauo
859 3901 883 3950 p.
909 3885 968 3933 252.
1003 3893 1027 3931 et
1059 3886 1101 3950 llp.
1130 3885 1158 3932 G.
1190 3883 1298 3934 lindtno.

331 3993 354 4044 p.
375 3976 434 4027 ³89.
939 3985 941 3992 ’
