2946 5002
596 394 637 452 85

133 571 264 639 Batavid
296 571 406 639 multis
437 570 514 638 locis
549 570 695 638 restituta
721 584 753 636 et
784 576 923 639 correcta
945 573 1102 662 variisque

132 685 276 753 virorum
301 684 470 752 doctorum
495 684 536 749 de
557 682 654 750 lunio
675 695 783 750 nostro
799 683 934 772 judiciis
956 684 1102 778 adjectis,

131 796 168 864 in
191 799 297 865 lucem
317 795 449 864 mittere
471 794 606 863 voluisse
631 793 768 862 videtur.

176 913 361 998 Numquam
376 920 485 976 autem
499 908 656 997 hocopus
674 907 847 998 egregium¹
864 910 1002 998 prodiit,
1014 911 1104 1000 quod

130 1020 370 1110 deplorandum
391 1032 456 1105 est,
475 1019 554 1110 quia
574 1017 675 1087 editio
694 1018 902 1108 epistolarum
921 1022 998 1089 anni
1019 1029 1103 1092 1652

130 1133 244 1201 minus
276 1146 422 1200 accurata
459 1146 506 1198 est
533 1146 565 1200 et
599 1153 674 1200 vero
701 1131 845 1201 ineditae
877 1133 1032 1222 epistolae
1061 1136 1103 1201 ad

128 1245 256 1336 patriae
277 1243 446 1312 historiam
469 1243 726 1334 cognoscendam
747 1256 823 1311 sunt
845 1244 1047 1313 utilissimae.

174 1356 413 1424 Praefationem
440 1359 502 1422 MS.
518 1359 554 1422 P.
571 1355 770 1436 Burmanni,
793 1377 893 1443 qnam
913 1355 992 1422 hnic
1012 1357 1102 1446 operi
1183 1409 1211 1446 .·

128 1471 187 1540 Vir
216 1493 355 1561 magnus
382 1466 615 1549 destinaverat,
649 1488 713 1534 non
745 1489 890 1556 possum,
920 1467 1002 1556 quin
1016 1451 1101 1536 cunr

128 1581 321 1667 lectoribus,
345 1593 383 1647 ut
402 1578 518 1646 melius
538 1579 578 1645 de
607 1577 755 1668 Epistolis
779 1575 925 1646 lunianis
939 1580 1102 1670 judicent,

130 1694 384 1763 communicem.
945 1714 947 1719 ·

173 1806 352 1897 u-Epistolas
366 1808 423 1872 has
438 1805 563 1873 Summi
577 1805 659 1890 Viri,
675 1807 829 1873 Hadriani
841 1807 941 1892 lunii,
955 1791 1100 1898 ejusdem

128 1920 251 1989 autoris
281 1919 430 1986 Batariae
463 1917 673 2008 descriptioni
706 1918 903 2011 subjungere
932 1943 985 1987 me
1010 1943 1101 2010 posse

127 2035 196 2102 imo
224 2032 365 2117 debere,
395 2031 583 2120 quicunque
609 2055 662 2099 eas
683 2033 814 2123 penitus
837 2032 1100 2119 consideravere,

129 2161 344 2217 monuemnt:
379 2145 568 2235 pracsertim
608 2168 682 2212 cum
716 2169 773 2212 eae
804 2146 884 2212 tales
912 2147 998 2234 sint,¹
1018 2169 1102 2235 qnae

128 2259 328 2329 eruditionis
345 2271 379 2326 et
397 2254 564 2326 doctrinae
578 2257 783 2346 plenissimae
808 2257 1002 2348 gravitatem
1026 2281 1101 2325 cum
1170 2299 1174 2305 -

128 2372 400 2464 lepore‘miscere
424 2371 594 2452 videntur,
622 2369 666 2434 ita
691 2382 727 2435 ut
751 2393 794 2436 ne
815 2368 950 2434 minima
965 2368 1100 2457 quidem

128 2487 260 2553 illarum
286 2498 354 2550 tam
378 2480 503 2549 inutilis
530 2480 595 2561 sit,
628 2495 667 2546 ut
697 2502 765 2547 non
779 2479 915 2568 'aliquid
936 2479 1099 2570 legentem

75 2581 79 2586 ¹
131 2596 267 2681 doceat,
293 2594 433 2662 delectet
452 2605 509 2661 aut
533 2592 674 2681 denique
691 2593 795 2683 juvet.
840 2595 891 2660 dd
914 2596 1048 2660 Batavos
1069 2607 1100 2660 et

128 2711 246 2802 Belgas
277 2730 361 2797 quae
389 2705 546 2795 scriptae,
575 2717 695 2772 statum
729 2716 796 2772 tam
828 2705 975 2808 Bataviae
1000 2728 1099 2794 quam
1157 2729 1159 2734 ·

127 2823 226 2892 totius
247 2819 353 2910 Belgii
380 2817 564 2902 declarant,
587 2816 693 2905 qualis
715 2817 741 2883 is
761 2830 830 2884 erat
849 2817 928 2884 dum
951 2818 1099 2914 Bataviae

128 2957 204 3001 suae
228 2932 481 3020 descriptionem
502 2929 734 2997 meditabatur:
760 2941 792 2996 et
814 2944 977 3020 praeterea
999 2931 1100 2999 claros

130 3059 163 3114 et
183 3046 308 3135 amplos
333 3047 370 3110 ed
398 3055 590 3132 tempestate
612 3042 695 3109 viros
720 3042 835 3124 litteris
860 3043 925 3110 suis
945 3044 1095 3132 compel-

128 3158 245 3241 lando,
258 3155 393 3247 posteris
405 3177 516 3223 eornm
533 3154 685 3243 (quorum
701 3153 797 3221 multi
811 3177 899 3221 nunc
913 3153 955 3220 ad
973 3154 1099 3220 clavum

7 3299 10 3340 1
128 3269 255 3360 sedent)
273 3283 426 3359 paternae
442 3280 498 3334 aut
513 3267 615 3334 avitae
631 3266 757 3333 virtutis
772 3287 929 3332 memores
949 3265 1099 3333 faciendo
1153 3305 1155 3312 ·

7 3445 9 3450 .
128 3383 233 3451 calcar
259 3381 370 3466 addit,
397 3393 430 3447 et
461 3380 658 3469 voluptatem
685 3377 830 3465 aliquam
871 3377 906 3443 in
935 3377 1099 3445 mentibus

7 3537 8 3544 κ
127 3518 241 3564 eorum
260 3508 365 3575 creat,
387 3493 467 3560 dum
492 3491 625 3582 legunt,
652 3489 771 3556 talibus
791 3512 824 3556 se
845 3489 1020 3579 majoribus
1044 3515 1097 3557 or-

51 3683 58 3698 ,
128 3623 197 3687 tos,
224 3631 242 3674 a
276 3604 394 3694 quibus
423 3604 618 3693 degenerare
650 3615 745 3690 turpe
775 3600 851 3690 ipsis
876 3601 918 3668 sit
937 3601 1096 3669 futurum.

128 3719 287 3786 Plurimas
308 3741 346 3784 ex
372 3715 490 3806 anglia
512 3714 600 3781 etin
626 3713 777 3802 Angliam
800 3713 922 3781 litteras
945 3714 1097 3780 destina-

128 3833 192 3900 vit:
216 3855 299 3921 quae
322 3852 480 3896 summam
494 3827 583 3894 istius
598 3825 691 3916 regni
714 3849 789 3892 cum
809 3827 922 3916 Belgio
944 3837 1095 3893 commu-

130 3946 264 4016 nionem
287 3967 351 4012 non
374 3965 492 4012 novam
515 3965 581 4010 esse
604 3939 796 4031 ostendunt,
821 3955 853 4009 et
875 3940 950 4008 miri
961 3952 1098 4028 stupea*
