2930 4996
807 383 846 447 16

338 571 407 666 regi
418 585 452 641 et
462 571 595 664 reginae
609 573 667 636 aul
682 589 784 636 mmu
808 565 925 638 offerre
939 568 1109 638 constituit
1120 567 1313 662 abiisregi-

337 709 391 756 am
427 681 726 755 remunerationem
765 693 965 772 exspectans.
1022 684 1091 750 llao
1122 682 1223 774 igitur
1249 707 1311 774 spe

337 797 460 884 elatam
485 785 730 866 londinumae
749 793 846 863 tertit
871 793 942 862 vioe
972 793 1112 862 neuuilit
1135 795 1213 880 sed,
1239 819 1313 863 car-

337 933 414 980 men
445 933 521 978 cum
546 908 749 993 tradidisset,
778 905 887 974 minus
912 905 1092 974 liberaliter
1111 929 1208 996 quam
1234 931 1316 997 ape-

335 1034 502 1090 raverata
532 1045 610 1114 rege
632 1032 784 1112 exceptus
813 1031 871 1086 est.
907 1017 1011 1086 Lubet
1049 1029 1161 1086 autem
1183 1032 1315 1108 partem

337 1133 496 1226 Epistolae
522 1133 705 1202 adscribere
735 1129 895 1214 ineditae,
929 1133 994 1218 qul
1023 1129 1170 1198 dolorem
1191 1155 1231 1198 ex
1250 1131 1311 1198 in-

334 1261 462 1338 sperato
481 1224 626 1338 hujusce*
637 1245 685 1314 rei
707 1254 825 1311 eventu
855 1253 1040 1331 susceptum
1065 1243 1223 1333 exprimit
1250 1245 1310 1334 (1).

337 1360 521 1430 »Nimirum
546 1356 725 1449 Philippeia
754 1377 824 1424 mea
855 1353 916 1422 sub
947 1353 1062 1422 Asellis
1087 1355 1138 1446 (ut
1157 1355 1313 1448 arbitror)

336 1489 423 1556 nata,
438 1473 642 1565 congiarium
663 1468 783 1538 meruit
803 1490 820 1535 a
841 1487 920 1558 rege
939 1465 1076 1558 triginta
1096 1489 1152 1535 aex
1172 1489 1312 1536 corona-

337 1600 466 1674 torum,
487 1589 553 1676 qul
581 1585 614 1651 in
642 1605 677 1650 re
694 1581 868 1671 ambiguus
898 1579 1036 1664 haereo,
1064 1579 1173 1646 virum
1198 1580 1312 1671 potius

335 1721 485 1768 accusare
506 1710 540 1765 et
560 1696 595 1762 in
620 1693 744 1762 crimen
760 1715 873 1761 vocare
891 1691 1047 1777 debeam,
1071 1691 1206 1760 laevane
1222 1692 1311 1760 mihi

334 1811 456 1892 sidera,
487 1830 529 1874 an
553 1805 721 1872 literarum
749 1804 912 1873 inscitiam
938 1828 975 1873 ac
997 1804 1176 1896 ruditatem
1201 1807 1312 1874 omnis

334 1933 499 2012 expertem
527 1918 671 2005 veneris,
696 1941 781 2009 quae
813 1943 888 1990 cum
918 1920 1080 2011 Choerylo
1103 1925 1219 2010 poeti,
1242 1921 1314 1988 lla—

335 2031 402 2126 gris
424 2031 648 2124 potiusquam
673 2033 778 2103 aureis
801 2033 1039 2106 remuneranda
1061 2032 1171 2102 fuerit.
1196 2033 1314 2100 Enim·

332 2168 407 2215 vero
445 2146 571 2215 utinam
602 2162 659 2216 aut
691 2147 788 2239 longa
820 2147 878 2214 iata
913 2168 1002 2216 mora
1036 2145 1133 2214 citius
1163 2145 1313 2236 praecisa

333 2257 446 2328 fuisset
468 2271 501 2328 et
519 2261 640 2352 majore
661 2283 735 2330 meo
752 2259 946 2352 compendio
969 2282 1007 2326 ac
1026 2258 1151 2326 sublata
1177 2259 1235 2326 illa
1254 2259 1312 2327 ul-

234 2431 240 2438 .
332 2387 383 2444 tro
406 2373 552 2468 citroque
574 2374 752 2444 cursitandi
774 2373 938 2442 fastidiosa
963 2371 1157 2457 necessitas,
1176 2384 1237 2440 etc.
1263 2409 1311 2425 -

336 2511 378 2557 ne
397 2488 505 2556 dicam
525 2511 613 2556 nunc
635 2489 676 2557 de
691 2487 810 2556 exactis
828 2486 996 2578 infrugero
1017 2484 1128 2554 labore
1151 2497 1202 2554 tot
1214 2507 1312 2554 meu-

334 2599 442 2682 sibua,
467 2599 587 2688 quibus
611 2600 748 2689 duplum
770 2603 839 2690 ejus
867 2621 1013 2666 summae
1037 2623 1054 2664 a
1081 2621 1134 2666 me
1154 2597 1311 2688 insump-
1349 2619 1351 2622 ·

335 2723 406 2778 tum
433 2723 491 2778 eat.
537 2711 602 2778 Sed
625 2709 756 2801 ingerat
779 2711 852 2800 quis
873 2711 1028 2792 forsitan,
1050 2731 1147 2779 nemo
1175 2722 1209 2776 te
1232 2731 1310 2778 evo-

335 2822 439 2908 cavit,
462 2845 559 2893 nemo
584 2825 680 2893 istam
707 2826 871 2896 scribendi
903 2825 1103 2917 provinciam
1129 2823 1310 2914 imposuit,

337 2957 433 3008 nemo
457 2934 533 3005 istos
550 2950 584 3005 te
606 2951 752 3027 sumptus
772 2938 879 3006 facere
900 2937 1017 3028 jussit,
1043 2937 1167 3005 fateor:
1199 2947 1234 3002 at
1260 2935 1311 3001 il-

336 3045 394 3114 lud
439 3069 627 3138 persuasum
663 3049 763 3116 habui
802 3050 885 3118 mihi
925 3072 1051 3140 semper
1089 3048 1309 3116 acuendorum

338 3160 546 3255 ingeniorum
576 3162 789 3230 instrumenta
822 3185 889 3232 ease
919 3162 1039 3231 debere
1061 3161 1249 3252 Principes,
1271 3182 1309 3226 ac

336 3276 437 3344 veluti
470 3274 714 3368 dispensatrices
746 3275 902 3364 quasdam
931 3275 989 3342 Dei
1015 3297 1140 3343 manus.
1185 3275 1309 3362 Nempe

276 3447 279 3458 .
335 3387 457 3454 sauciat
487 3390 637 3457 animum
665 3411 776 3458 mcum
800 3387 942 3478 graviter
971 3387 1030 3454 iata
1057 3385 1210 3477 cogitatio
1231 3407 1341 3452 oum.

335 3496 378 3565 ob
400 3496 448 3566 rei
478 3498 729 3590 indignitatem,
757 3514 829 3568 tum
854 3511 986 3590 propter
1027 3493 1200 3567 infortunii
1228 3496 1307 3564 ‘mei

334 3612 572 3697 consolentam,
601 3612 688 3682 dum
709 3613 790 3681 aeris
814 3609 930 3696 alieni,
953 3611 988 3678 in
1014 3612 1106 3700 quod
1127 3610 1212 3678 bona
1232 3628 1306 3698 spes
1328 3679 1336 3696 ,

332 3744 388 3791 me
409 3724 600 3814 conjecerat,
623 3723 791 3793 dissolutio
816 3736 1034 3822 metorquct,
1061 3721 1174 3812 quovis
1194 3720 1307 3790 eculeo

372 3961 409 4032 (1)
427 3966 469 4030 Ep.
489 3967 534 4016 IS.
555 3966 611 4014 Viro
629 3965 766 4032 amplissimo
787 3966 857 4033 (mihi
869 3964 968 4032 ignoto).

1462 4653 1463 4706 l

1462 4707 1463 4756 l
