2946 5002
618 407 659 468 65

144 601 313 685 praestant
327 589 389 674 iis,
408 609 492 676 quae
512 595 622 677 postea
645 581 847 651 Francofurti
864 607 894 651 a.
908 589 991 653 1620
1011 598 1045 653 et
1058 587 1124 654 Ge-

141 729 244 776 nerae
265 729 295 772 a.
324 709 409 772 1633
434 701 628 792 prodierunt
650 697 708 789 (1).

187 819 338 908 Plerique
358 817 394 883 in
411 816 475 883 hoe
495 813 673 902 scripturae
690 831 810 901 genere
831 810 968 878 lunium
989 809 1116 901 sequuti

139 956 182 999 ex
205 933 276 1022 ejus
299 927 544 999 Nomencletore
566 923 622 992 sua
645 922 895 1014 descripserunt.

430 1155 606 1272 Euuapius
628 1175 830 1244 Sardium.

187 1405 302 1475 Edidit
325 1405 510 1495 Eunapium
526 1425 601 1470 cum
624 1403 736 1470 multis
746 1403 1013 1495 castigationibus
1024 1408 1121 1474 Antr.

140 1545 174 1586 a.
202 1525 298 1587 1568.
324 1516 415 1607 apud
434 1501 539 1584 Plant.
562 1514 598 1581 in
618 1519 665 1600 8⁰,
683 1515 865 1583 versionem
884 1539 960 1586 rero
979 1519 1123 1609 Eunapii

144 1632 282 1698 latinam
305 1653 335 1697 a.
363 1635 459 1698 1572.
481 1629 542 1720 (2).
1008 1645 1011 1649 “

190 1747 231 1811 In
256 1741 461 1810 dedicatione
483 1741 525 1807 ad
544 1740 770 1810 Elizabetham
789 1743 928 1835 Angliae
957 1743 1123 1835 Reginam

144 1854 259 1925 scribit
283 1853 419 1941 lunius,
441 1855 663 1945 se'exemplar
683 1856 782 1943 hujus
803 1857 1002 1947 scriptorisa
1023 1860 1123 1924 Sam-

144 1971 232 2039 buco
246 1969 415 2038 Pannonio
435 1968 610 2058 accepisse,
634 1991 775 2058 eumque
796 1971 941 2059 primum
958 1970 1021 2038 sibi
1047 1993 1125 2038 auc-

144 2097 251 2152 torem
289 2083 407 2167 fuisse,
442 2094 481 2148 ut
510 2081 696 2171 Eunapium
725 2081 816 2151 Latio
847 2083 1000 2170 donaret·;
1039 2105 1126 2174 quae

142 2219 241 2289 opera
267 2195 432 2264 difficilior
453 2194 518 2262 fuit
543 2216 644 2283 quam
664 2211 849 2285 speraverat
866 2197 953 2263 hanc
976 2196 1020 2265 ob
1045 2221 1125 2266 cau-

144 2335 236 2396 sam,
268 2310 359 2400 quod
379 2306 507 2376 mendis
534 2306 673 2374 infinitis
701 2307 865 2397 exemplar
891 2309 1050 2376 refertum
1072 2335 1125 2378 es-

144 2436 204 2492 set.
250 2427 398 2508 »Quare‚
426 2420 628 2488 hariolorum
649 2441 758 2504 more,
790 2418 918 2507 inquit,
951 2419 1122 2507 divinare,

144 2537 367 2628 conjecturam
388 2536 425 2603 in
449 2547 556 2626 partes
582 2534 718 2618 ducere,
741 2533 894 2622 supplere
918 2525 977 2600 sed
1002 2538 1124 2625 magna

144 2674 223 2719 cum
253 2649 413 2740 religione
444 2646 566 2733 institi3
592 2668 823 2735 nonnusquam
843 2644 966 2731 ctiam,
989 2647 1048 2714 sed
1073 2670 1126 2713 se-

144 2764 212 2832 mel
251 2777 350 2852 atque
385 2762 524 2846 iterum,
557 2757 720 2828 transilire
748 2758 972 2848 perfunctorie
1000 2758 1123 2845 malui,

145 2899 247 2968 quam
276 2875 406 2958 aliena,
440 2875 504 2941 hoc
534 2885 582 2942 est
612 2895 685 2941 mea
712 2872 864 2940 infarcire
897 2911 940 2927 -
964 2895 1061 2962 porro
1087 2911 1125 2925 -

143 2989 324 3079 Equidem,
346 2987 435 3077 quod
450 2986 486 3053 in
508 2984 666 3072 meluit,
692 2985 859 3076 praestiti,
876 2998 914 3052 ut
937 2986 1123 3076 elegantem

178 3204 431 3277 (l)l1nltaepraetcr
451 3214 586 3253 memoratas
606 3215 696 3254 exstant
717 3205 839 3255 editiones.
858 3204 943 3254 Videre
969 3201 1122 3252 11ιί1111116-

145 3302 182 3366 git
197 3298 254 3348 duas
271 3299 337 3348 annis
354 3297 421 3346 1683
440 3307 465 3346 et
479 3298 546 3346 1616
567 3297 647 3346 saetas.
667 3297 703 3346 Cl.
722 3295 795 3344 Ebert
812 3297 867 3344 lex.
884 3293 947 3343 Bibl.
965 3303 984 3342 t.
998 3295 1020 3343 1.
1028 3309 1052 3359 p.
1062 3293 1122 3342 ⁰04.

145 3400 171 3438 et
197 3391 311 3456 Foppcm.
335 3397 354 3436 t.
373 3391 398 3437 1.
416 3404 441 3454 p.
461 3391 502 3438 15.
527 3387 569 3437 ubl
586 3387 699 3436 editiones
719 3388 773 3435 anni
793 3387 860 3434 ltoo
876 3395 901 3434 et
922 3373 990 3434 root
1010 3387 1122 3435 citantur.

141 3482 213 3548 Apud
229 3483 328 3532 lliceron
346 3489 365 3529 t.
386 3483 412 3530 7.
435 3497 460 3546 p.
480 3481 531 3530 405
551 3479 667 3530 editiones
684 3479 740 3528 anni
763 3480 831 3526 1585
850 3486 875 3526 et
894 3477 970 3528 1666.
997 3478 1124 3528 Invenitur

141 3578 214 3625 etiam
232 3575 395 3624 llomenclator
417 3575 534 3624 lucianus
556 3575 582 3622 in
607 3590 645 3639 op.
669 3573 766 3622 Thrdsor
783 3570 812 3621 de
838 3570 861 3621 la
885 3570 970 3636 langue
997 3572 1125 3640 Franeoyse

141 3685 165 3717 1.
185 3670 253 3718 rcoc
273 3650 355 3716 urit.
478 3709 483 3715 .

177 3759 216 3829 (2)
236 3761 273 3810 Cf.
292 3759 361 3809 Febr.
381 3757 443 3810 Bibl.
461 3761 541 3809 Graec.
560 3761 586 3809 1..
604 3761 632 3808 V.
656 3761 682 3808 C.
696 3759 721 3809 ὃ.
733 3757 747 3824 ᾗ
759 3760 784 3806 2.
805 3759 914 3824 Repetite
934 3759 1035 3824 Eutropii
1051 3756 1125 3807 editio

142 3854 294 3920 Argentorati
315 3869 336 3902 a.
361 3853 427 3901 1666
450 3854 475 3901 in
496 3852 534 3901 8⁰.
571 3853 634 3901 lluet
658 3851 687 3900 de
713 3852 781 3900 claris
804 3854 903 3918 interpr.
932 3851 1012 3916 culpat
1040 3852 1125 3902 versio·

144 3963 198 3995 nent
233 3946 333 4012 Eunapii
352 3946 493 4012 lunianum,
520 3945 600 3996 laudat
627 3954 705 3996 autem
730 3944 849 3996 Fabricius
876 3947 937 3996 lllst.
962 3943 1024 3994 Bibl.
1049 3961 1074 4011 p.
1098 3947 1124 3996 8.

146 4039 276 4104 reem·
933 4095 937 4104 r

973 4136 992 4194 5
