2930 4996
624 385 665 446 23

154 578 289 658 propter
313 562 510 630 valetudinis
524 563 750 632 infirmitatem
760 566 816 655 (1).
857 571 927 652 Qua
944 571 1127 642 valamine

155 679 291 746 adversa
311 697 386 744 oum
401 675 436 744 in
453 676 521 744 dies
532 674 637 768 magis
649 685 863 766 premeretur,
883 683 1128 756 Consuiesflar·

155 795 314 859 lemensos
328 801 520 874 metuentes,
535 813 579 858 ne
590 790 722 858 morbus
732 789 767 857 in
782 791 918 883 longum
933 797 1126 882 traheretur,

158 925 232 971 mm
252 923 291 971 eo
310 901 519 992 pepigerunt,
535 914 573 970 ut
583 903 728 970 Rectoris
742 926 861 972 munus
874 906 1054 996 deponeret
1063 911 1124 1000 (2).

156 1021 205 1082 lta
221 1016 378 1105 majorem
393 1013 513 1082 laboris
523 1014 708 1084 libertatem
726 1028 838 1084 nactus
851 1061 860 1100 ,
873 1017 972 1086 inerti
987 1021 1054 1092 otio
1069 1021 1129 1090 bc-

155 1149 239 1193 num
260 1139 423 1194 wntmere
443 1139 583 1216 tempus,
600 1126 627 1193 si
648 1126 839 1215 quisalius,
858 1129 975 1196 iunius
991 1131 1128 1200 minime

156 1239 281 1330 potuit3
311 1238 370 1329 qui
399 1249 561 1328 quantum
587 1238 741 1308 declivior
774 1253 809 1308 et
845 1239 1008 1310 infirmior
1042 1257 1128 1312 aetas

155 1350 325 1441 permisit,
344 1338 491 1418 ‘uotum
522 1351 677 1441 temporis
709 1352 850 1441 aegrotis
880 1354 1032 1424 curandis
1067 1357 1128 1424 tri-

154 1463 352 1555 buebat(3);
373 1463 546 1532 subsecivis
565 1477 676 1532 autem
697 1464 785 1533 horis
799 1465 897 1534 Musis
919 1450 1126 1556 operabatur.

153 1577 363 1645 Pervenimus
384 1577 426 1643 ad
456 1597 579 1644 annum
613 1581 716 1663 1572,
750 1578 843 1668 cujus
873 1579 992 1649 ultimo
1014 1601 1129 1648 nrcnse

155 1689 292 1779 Hispani
311 1689 480 1758 obsidione
501 1689 675 1758 cinxerunt
693 1693 903 1774 Eudemum,
936 1693 995 1760 ubi
1021 1694 1129 1760 adhuc

153 1802 268 1871 Junius
280 1801 462 1868 habitabat.
485 1805 599 1868 Fertur
621 1791 772 1891 Hispanis
788 1804 991 1892 propositum
1009 1805 1128 1888 fnisse,

153 1911 237 1980 urbe
259 1916 371 2002 capta,
391 1912 517 1980 nemini
545 1913 780 2001 parcere,‘nisi
805 1913 1034 2006 Gdaernatori
1047 1918 1129 2005 Rip-

154 2028 273 2118 perdae
288 2028 331 2094 ob
351 2025 551 2116 praeclaram
574 2026 677 2094 animi
703 2026 969 2117 magnitudinem
988 2035 1021 2098 et
1040 2035 1130 2096 sum-

151 2161 241 2205 mam
268 2137 315 2205 rei
349 2135 499 2205 militaris
520 2138 695 2228 peritiam,
736 2150 807 2204 tum
831 2139 929 2207 Junio
956 2141 1057 2208 etiam
1086 2141 1129 2210 ob

150 2250 349 2340 singularem
365 2249 581 2317 eruditionem
595 2248 651 2339 (4).
675 2249 728 2316 Sic
744 2249 1075 2338 hosteeeumzpariter
1089 2272 1128 2320 ac
1144 2293 1146 2298 ,

150 2363 236 2429 cives
254 2361 483 2452 suspiciebant.
1119 2384 1122 2392 ·

194 2475 327 2543 Duobus
343 2463 529 2542 ‘obsidionis
553 2471 721 2542 messibus
743 2471 949 2561 praeteritis,¹
985 2461 1126 2561 Delphos

150 2599 301 2655 evocatus
320 2599 379 2668 est,
396 2599 432 2653 ut
452 2586 614 2654 medicam
620 2584 785 2653 Guiieluro
802 2588 818 2650 I
832 2605 964 2674 operam
975 2598 1126 2675 praesta-

150 2713 201 2767 ret
214 2699 272 2791 (5),
287 2721 400 2790 quare,
409 2699 556 2772 liariemi
566 2719 665 2766 uxore
674 2696 828 2766 etliberis
837 2696 971 2779 relictis,
981 2705 1126 2789 egressus

149 2811 251 2879 estad
262 2811 447 2901 Principem
458 2810 516 2902 (6).
538 2813 624 2878 Dum
637 2832 715 2876 roro
732 2808 899 2879 communi
916 2809 1065 2880 omnium
1077 2833 1126 2878 aa·

149 2923 212 2991 luti
231 2923 427 2992 inserviebat
444 2945 482 2990 ac
500 2921 718 3012 prospiciebat
744 2922 831 2990 Patri
850 2923 975 2990 Patriae
998 2923 1145 2992 amiduo'

66 3105 72 3118 ’
184 3121 223 3191 (1)
241 3125 278 3173 cs.
292 3127 334 3190 up.
349 3125 418 3174 naen
429 3126 501 3174 sunto
512 3085 536 3190 p.
550 3126 600 3173 ota
612 3134 637 3174 a
647 3126 691 3191 up.
701 3125 769 3174 suun
780 3126 873 3192 cuctp.
885 3128 944 3176 aes.
1012 3189 1015 3200 y

184 3213 222 3284 (2)
241 3216 596 3282 ct.1tp.1³.rtanniop.1aa.‚
622 3218 648 3264 in
668 3218 714 3283 qui
741 3215 796 3265 duas
815 3214 890 3266 morbi
907 3232 985 3274 causas
1005 3225 1124 3264 memorat.

148 3310 177 3356 Iu
186 3309 230 3373 Ep.
241 3307 287 3355 HS.
299 3305 407 3355 Piantino
420 3301 567 3355 Germaniam
577 3305 624 3355 sibi
635 3305 710 3355 morbi
721 3303 840 3372 parentem
850 3313 925 3354 vocat.
943 3303 1049 3355 Alteram
1058 3315 1124 3354 vocat

151 3397 225 3447 morbi
235 3414 324 3447 causam
343 3399 369 3446 in
384 3401 427 3464 Ep.
448 3397 478 3447 ad
492 3398 542 3448 Jac.
553 3416 566 3448 a
578 3387 820 3465 hvenoede'pssflb.

183 3490 223 3557 (ὃ)
241 3491 278 3540 Gi.
288 3491 317 3542 P.
326 3491 453 3540 Seriverius
463 3491 489 3540 iu
500 3482 605 3540 maine
615 3526 623 3558 ,
635 3507 681 3556 quc
693 3474 968 3557 flarlemimcelebrarit,
976 3493 1079 3556 praefixo
1091 3494 1123 3556 τῇ

153 3585 277 3650 ἐξηγήσει
300 3589 348 3650 τῆς
373 3583 532 3651 πολιορκίας
552 3589 602 3650 τῆς
620 3583 722 3640 πόλεως
748 3576 907 3652 ‘'Apisps'qc.
930 3582 1017 3633 Nimlai
1035 3583 1089 3632 tots.
1112 3602 1123 3630 a

150 3674 295 3725 Wauenaer.
320 3676 358 3726 Gi·
375 3674 406 3725 ab
421 3677 440 3726 0
456 3674 485 3724 de
500 3676 583 3740 Bruijn
596 3675 706 3742 ptos..

184 3765 221 3833 (4)
238 3769 276 3821 cf.
288 3768 375 3816 Auctor
390 3770 458 3818 Vitae
475 3770 518 3834 tp.
534 3785 570 3832 pr.
669 3797 680 3822 ι,
762 3826 764 3835 .

185 3857 221 3926 (ὓ)
239 3860 276 3908 cf.
290 3860 369 3910 Velius
380 3861 465 3910 Chron.
477 3862 548 3909 Horo.
563 3861 583 3926 l.
592 3880 611 3908 c.

185 3948 222 4016 (6)
241 3953 277 4002 Cf.
290 3954 331 4016 tp.
343 3953 403 4015 Mag.
419 3952 520 4000 Heriem.
536 3970 559 4016 p.
571 3953 629 4002 468.
