2930 4996
803 404 822 464 (1

334 588 588 678 descripserunt,
613 593 744 669 tumque
766 577 880 648 leviter
902 576 1017 646 merite
1039 579 1238 670 attigerunt,
1263 591 1300 644 ut

333 725 375 772 ex
397 721 509 768 eorum
531 693 672 786 scriptis,
696 703 824 760 tuntum
838 713 914 759 eum
938 689 1036 758 fluisse
1051 692 1176 776 virum,
1199 711 1302 779 qusu-

331 827 384 882 tus
407 811 530 892 firerit,
555 807 608 876 vis
631 805 811 898 suspiceris.
844 805 972 872 Primus
995 807 1065 894 ejus
1084 805 1185 872 ritum
1211 827 1305 871 ener-

331 925 416 994 111111
437 935 470 992 11
491 921 608 1012 scriptu
632 917 836 988 enumeravit
860 917 1048 986 Theodorus
1070 918 1181 990 Velius
1210 916 1303 1007 (Dirk

331 1033 562 1130 Seylmnelser),
582 1033 618 1102 in
634 1031 793 1102 Chronico
814 1035 983 1116 Romano,
999 1031 1090 1119 cujus
1106 1031 1215 1120 prima
1228 1028 1303 1096 edi-
1378 1111 1384 1120 ι

331 1151 378 1220 tic
404 1171 490 1218 enno
525 1155 620 1216 1617.
654 1143 778 1236 prodiit
803 1149 862 1228 (1).
908 1147 1072 1212 Postremo
1103 1155 1137 1210 et
1177 1141 1302 1231 optime

333 1261 481 1334 omnium
512 1261 612 1329 ritum
638 1259 706 1350 ejus
735 1269 770 1326 et
797 1255 914 1345 scriptu
942 1255 1092 1322 tractavit
1114 1257 1152 1322 G.
1185 1257 1241 1322 W.
1266 1252 1308 1319 ab

334 1377 455 1446 Oostcn
477 1373 518 1442 de
541 1373 653 1462 Bruijn
673 1369 708 1437 in
731 1368 798 1436 virt
827 1371 866 1434 11.
888 1366 997 1452 iunii,
1019 1389 1103 1456 quse
1123 1366 1249 1433 inserts
1272 1363 1307 1430 in

333 1487 412 1558 obs.
436 1485 523 1555 llisc.
547 1482 624 1553 Crit.
647 1477 1307 1570 Νον.111.11ῗ,ρ.391-434.(111111111-

333 1600 421 1670 dnmi
449 1623 479 1666 1.
514 1594 610 1684 1751)
641 1591 730 1659 haud
758 1590 868 1658 multis
895 1590 1026 1681 cognitu
1059 1603 1117 1658 est.
1162 1587 1307 1680 Collegit

333 1710 476 1780 studiose
498 1707 547 1774 vir
565 1701 807 1772 Eruditissimus
817 1703 859 1770 de
874 1701 972 1770 iunio
993 1725 1035 1770 ex·
1052 1702 1205 1792 Epistolis
1220 1700 1308 1769 aliis·

335 1846 400 1912 qne
422 1815 641 1888 monumentis
660 1813 825 1904 quidquid
851 1816 894 1882 cd
915 1815 983 1905 ejus
1010 1814 1112 1881 vitum
1139 1829 1172 1884 et
1185 1814 1304 1903 scriptu

335 1931 514 2024 pertineret
548 1927 694 2016 illudque
732 1927 866 2018 digessit
896 1927 973 1995 sctis
1004 1926 1166 2008 dilucide,
1204 1947 1307 2018 quare

283 2057 288 2072 ·
329 2045 404 2136 jure
428 2041 470 2109 ab
494 2044 534 2110 0.
551 2040 599 2109 de
621 2042 735 2126 Bruijn
754 2040 796 2108 de
821 2039 918 2108 iunio
936 2039 1021 2108 bene
1051 2040 1207 2109 meruisse
1237 2038 1304 2106 dici

224 2209 232 2230 .
332 2167 449 2248 potest.
500 2157 609 2241 Quum
636 2165 747 2220 sutem
769 2152 805 2220 in
826 2152 889 2220 hoc
911 2153 1064 2242 opusculo
1088 2155 1189 2222 multe
1216 2152 1306 2222 desi-

333 2267 440 2336 derari
463 2267 514 2336 rel
529 2267 636 2335 minus
650 2277 735 2334 recte
749 2263 854 2333 nntsri
870 2267 1095 2354 cognoscerem
1106 2288 1144 2332 ex
1154 2266 1306 2336 fontibus

332 2381 522 2475 praesertim
544 2381 585 2448 ab
604 2383 741 2448 Auctore
759 2376 915 2468 neglectis
937 2376 993 2467 (2),
1019 2379 1303 2482 operaepretium

292 2567 294 2572 ,
333 2494 413 2564 duxi
441 2496 551 2563 denuo
571 2491 832 2581 disquisitionem
851 2489 894 2558 de
915 2488 981 2556 riti
1001 2503 1035 2558 et
1053 2489 1180 2582 scriptis
1202 2490 1304 2562 Hadr.

334 2606 423 2676 Junii
445 2605 623 2674 instituere.

326 2773 398 2836 λ11111.
422 2783 537 2850 quondum
560 2787 586 2834 in
608 2785 731 2836 Acsdenrii
748 2788 811 2854 Trsj.
835 2803 904 2854 111111
922 2785 1047 2836 editionem
1067 2769 1233 2854 inspiciendam
1261 2785 1323 2834 irc-⁸

333 2875 415 2924 nerole
433 2875 491 2924 milri
508 2875 616 2941 praebuit
632 2879 683 2928 vn.
702 2878 793 2928 Clarias.
810 2879 941 2947 Tydeman,
959 2880 1023 2928 uror.
1041 2882 1066 2928 in
1083 2879 1205 2929 Academii
1225 2877 1301 2944 Lngd.

334 2969 385 3016 Bet.
410 2967 461 3016 Non
485 2983 578 3032 omnes,
597 2985 654 3035 quos
670 2969 767 3019 adhibui
783 2980 900 3036 suctores,
919 2973 1001 3036 citeri,
1021 2972 1129 3036 quoniam
1146 2973 1302 3032 recentiores,

334 3062 371 3110 uti
391 3062 433 3126 fis,
451 3061 589 3128 plerumque
604 3079 644 3112 sua
664 3079 693 3112 ex
708 3065 866 3131 antiquiorum
885 3066 977 3131 scriptis
993 3065 1126 3115 hauserunt.

369 3151 406 3222 (1)
424 3153 491 3204 llunc
508 3154 652 3204 fontemnon
669 3153 751 3204 adiisse
768 3157 923 3206 acutissimum
934 3156 1050 3224 Bnylium,
1063 3159 1105 3222 qui
1121 3162 1257 3226 ceteroquin
1268 3177 1304 3209 ao·

335 3257 413 3297 curate
430 3249 503 3298 rium
515 3247 582 3296 Junii
593 3247 712 3314 exposuit,
734 3264 780 3296 non
800 3249 855 3296 satis
873 3249 951 3296 mirari
968 3265 1067 3314 possum.
1177 3233 1180 3238 ¹

371 3335 409 3405 (2)
431 3338 560 3389 Plurimum
581 3341 687 3406 inprimis
708 3338 781 3388 debeo
797 3339 929 3389 collectioni
950 3342 1132 3392 Burmannisnue
1152 3345 1184 3395 lt.
1204 3347 1227 3395 S.
1245 3362 1305 3413 quse

335 3432 361 3480 in
385 3428 521 3478 Academiae
542 3431 602 3494 Trai,
621 3430 764 3480 bibliotheci
786 3440 899 3495 servatur,
915 3448 985 3498 quum
1001 3433 1160 3484 collectionem
1180 3439 1304 3501 pretiosam

335 3518 498 3570 humanissime
514 3519 558 3568 Vir
574 3519 833 3572 8111111111111111111
854 3523 962 3574 utendum
985 3525 1044 3574 mihi
1064 3529 1181 3576 concessit.
1216 3529 1305 3578 111111

336 3612 454 3662 volumine
469 3611 557 3659 insunt.

372 3704 401 3752 ll.
419 3703 486 3752 Junii
507 3703 602 3752 Batavis
629 3720 681 3753 cnm
705 3707 892 3759 annotationibus
916 3719 940 3758 et
963 3711 1162 3762 emendationibus
1177 3714 1223 3762 118.
1243 3712 1306 3780 (111-

338 3791 414 3861 ditis).
1164 3829 1170 3836 -

371 3885 488 3948 Prseiatio
509 3885 656 3953 Typogrspbi
675 3886 705 3938 sd
731 3889 917 3940 1111111118.
937 3891 1023 3960 (ined).
1050 3892 1150 3961 (Scripta
1173 3897 1230 3944 sP.
1248 3896 1304 3944 Bur-

339 3977 422 4028 manno
439 3977 495 4026 Jun.
515 3977 558 4044 qui
575 3977 600 4026 in
617 3976 692 4028 lucem
710 3979 803 4030 mittere
822 3982 852 4032 11.
871 3983 937 4032 Junii
954 3985 1071 4034 Bstsrium
1089 3985 1168 4034 multis
1185 3985 1242 4034 loeis
1259 4001 1305 4034 cor·
1324 4017 1326 4022 ·
