2930 4996
651 387 866 468 arf

177 590 297 675 Junio,
324 586 515 676 indignatus
538 607 681 654 reversus
706 586 758 653 sit.
793 590 865 672 Quo
893 600 1003 654 autem
1025 589 1157 657 consilio

179 682 290 769 noster
314 719 475 788 cauponas
497 697 742 786 frequentaret,
772 698 822 766 vir
843 699 899 767 ille
930 699 1042 768 doctus
1066 700 1159 790 igno·

181 813 284 880 rabat.
332 810 554 899 Componebat
580 833 699 901 nempe
726 834 766 880 eo
792 823 940 902 tempore
963 811 1078 880 lunius
1099 816 1159 882 No·

180 924 435 1008 menclatorem,
462 923 498 990 in
520 945 585 1011 quo
612 945 708 1014 opere
733 925 881 992 ornando
901 924 950 990 nil
974 925 1093 1012 reliqui
1113 926 1159 992 fa-

178 1038 299 1106 ciebat.
345 1037 447 1120 Huius
477 1035 524 1104 rei
558 1041 652 1103 eausa
688 1057 782 1127 saepe
812 1035 943 1126 opifices
969 1039 1061 1123 adiit,
1083 1063 1157 1106 oum
1216 1027 1218 1032 ¹

180 1149 289 1238 iisque
321 1149 361 1216 de
396 1148 492 1216 variis
517 1147 640 1214 artibus
663 1145 924 1236 colloquebatur,
950 1169 1023 1214 vera
1045 1163 1082 1216 ut
1104 1175 1159 1218 re-

181 1285 260 1330 rum
273 1267 317 1329 'et
341 1261 631 1328 instrumentorum
651 1260 784 1328 nomina
810 1258 947 1326 disceret
972 1259 1029 1351 (1).
1059 1264 1159 1353 Magis

147 1429 149 1436 .
184 1379 297 1445 etelsus
325 1398 425 1465 quam
447 1381 535 1441 δοκεῖν
557 1373 835 1462 amplectebatur,
864 1371 1003 1460 plusque
1036 1371 1071 1437 in
1098 1396 1158 1441 re-

178 1515 270 1559 cessu
295 1491 458 1576 habebat,
484 1476 586 1580 quam
605 1489 711 1582 prima
741 1488 848 1558 fronte
870 1490 1062 1558 ostentabat.
1086 1493 1157 1556 Ex-

180 1618 289 1672 ternas
314 1604 520 1692 eloquentiae
547 1603 638 1670 dotes
657 1601 804 1670 habebat
824 1625 892 1670 non
911 1602 1051 1688 multas,
1079 1624 1156 1668 nam

179 1717 314 1808 linguae
339 1717 418 1786 vitio
439 1715 656 1798 balbutiebat,
682 1715 726 1782 ita
753 1729 790 1783 ut
805 1728 928 1804 quanta
951 1715 987 1782 in
1005 1739 1042 1784 eo
1063 1716 1156 1784 ines-

178 1841 227 1896 set
261 1829 425 1914 dootrina,
453 1827 577 1897 indocti
599 1852 676 1897 ‘non
706 1827 878 1918 suspicari,
906 1827 992 1894 docti
1022 1826 1158 1915 quidem

180 1942 314 2010 nonnisi
325 1942 480 2012 diuturna
489 1941 724 2009 consuetudine
736 1962 930 2032 cognoscere
944 1939 1111 2030 possent(
1131 1939 1157 2030 ).

181 2057 308 2122 Praeter
332 2057 488 2122 Graecam
514 2053 729 2141 Latinamque
759 2052 910 2144 linguam
933 2065 966 2118 et
988 2074 1062 2122 vero
1086 2075 1159 2120 ver-

179 2166 332 2234 naculam
354 2167 501 2256 quinque
527 2165 665 2233 callebat
691 2165 832 2256 linguas.
874 2163 1028 2233 Poetioen
1059 2165 1158 2233 etiam

179 2280 351 2365 tractarit,
386 2279 423 2347 in
454 2283 519 2369 qud
553 2293 684 2363 tamen,
718 2290 760 2344 ut·
783 2277 867 2344 mihi
904 2277 1055 2364 videtur,
1089 2302 1159 2349 non

178 2415 378 2484 magnopere
415 2391 583 2478 excelluit3
617 2390 712 2458 credo
740 2401 850 2457 autem
876 2412 969 2470 eum,
1000 2390 1091 2478 quod
1114 2393 1185 2460 de·

178 2505 287 2573 Attico
312 2506 418 2596 Nepos
445 2506 629 2595 praedicat,
653 2505 740 2572 hanc
759 2502 904 2593 attigisse
930 2526 972 2573 ne
998 2502 1068 2594 ejus
1097 2528 1156 2572 es-

111 2629 125 2714 ,¹
177 2631 225 2686 set
262 2641 375 2709 expers
405 2619 571 2687 suavitatis
600 2618 655 2710 (³).
698 2616 866 2685 Praeditus
901 2630 970 2684 erat
998 2599 1157 2686 memoria

178 2731 341 2816 mirabili,
368 2731 494 2820 judicio
528 2731 662 2817 subtili,
688 2744 853 2825 praeterea
881 2733 1003 2822 magna
1035 2731 1155 2798 laboris

177 2843 421 2932 industriaeque
452 2843 699 2933 perseverantil.
746 2847 818 2913 Non
839 2843 946 2928 lentus
969 2842 1153 2929 attardus,

177 2957 204 3025 si
229 2958 313 3048 quid
333 2958 531 3048 suscepisset,
558 2957 848 3048 progrediebatur,
871 2957 1027 3026 sedcum
1049 2957 1157 3046 impe-

177 3082 214 3137 tu
235 3070 402 3138 ferebatur
425 3070 462 3139 in
488 3093 527 3140 eo
552 3071 762 3162 peragendo,
789 3070 893 3138 donec
915 3091 995 3159 opus
1020 3092 1155 3158 suscep-

177 3195 250 3250 tum
266 3183 468 3274 perfecisset.
517 3159 637 3251 Onlnes
667 3205 784 3250 aureae
803 3182 916 3249 aetatis
939 3190 1087 3246 auctores
1107 3191 1154 3244 at-

177 3310 268 3365 tente
299 3308 333 3365 et
369 3309 516 3364 accurate
545 3320 613 3364 non
645 3309 774 3363 tantum
806 3293 966 3384 perlegit,
991 3290 1049 3358 sed
1080 3292 1153 3382 ple-

176 3432 295 3497 rosque
310 3409 346 3476 in
360 3433 492 3477 succum
507 3421 540 3476 et
554 3409 750 3500 sanguinem
765 3404 936 3492 convertit,
946 3405 1150 3490 emendavit,

176 3522 262 3592 notis
299 3521 491 3608 illustravit3
534 3521 580 3588 ita
623 3519 757 3613 ingenio
792 3519 948 3588 acerrimo
967 3532 1098 3588 ornatus
1121 3532 1153 3586 et

177 3635 362 3704 eruditione
370 3658 471 3726 prope
484 3635 632 3702 inmensa
644 3634 817 3701 instructus
829 3633 941 3704 critici
951 3645 1058 3725 partes
1066 3645 1152 3700 recte

212 3812 251 3882 (1)
270 3815 305 3864 Cl.
325 3814 380 3866 Joh.
397 3813 516 3864 Fabricius
533 3815 595 3864 llist.
611 3812 673 3863 bibl.
690 3815 716 3862 P.
734 3815 780 3868 111.
797 3831 820 3880 p.
838 3815 897 3863 256.

212 3905 248 3974 (2)
266 3905 595 3956 ct.vetiuschr0n.110rn.
613 3908 630 3957 l.
646 3907 675 3956 V.
693 3923 717 3972 p.
737 3906 797 3956 0³8.

213 3996 250 4066 (³)
267 3999 342 4064 llepos
358 4000 384 4047 in
401 3999 480 4048 Attico
499 3999 524 4054 G,
546 3997 585 4054 18.
