2946 5002
450 1222 821 1299 carorrn.
902 1266 904 1270 -
983 1173 987 1178 ¹

383 1485 568 1536 ramma
601 1487 730 1536 Rana.
766 1489 886 1538 tumr.

552 1717 730 1748 —a‘n—

196 1888 341 1976 Ducebat
359 1895 401 1958 Η.
417 1892 532 1959 Junius
548 1877 710 1982 originem
730 1892 772 1960 ab
793 1904 890 1984 gente
909 1891 1018 1978 sunit,
1038 1915 1123 1983 quae

150 2025 192 2070 ex
211 2003 358 2072 Bataviae
378 2003 578 2073 nobilissima
601 2006 680 2074 olim
705 2007 787 2075 urbe
800 2007 962 2076 Dordraoo
985 2007 1122 2076 oriunda

149 2129 220 2182 erat
231 2115 289 2206 (1)
322 2120 450 2186 Patrem
482 2118 599 2186 habuit
630 2123 761 2186 Petrum
796 2119 953 2205 Junium,
985 2134 1123 2188 matrem

149 2227 306 2313 Mariam,
332 2230 493 2298 Theodori
513 2230 616 2298 filiam
641 2230 698 2321 (2).
733 2235 823 2297 Hane
849 2245 926 2298 ante
947 2233 1123 2300 matrimo-

148 2341 246 2408 nium
266 2365 341 2409 oum
354 2346 450 2413 Petro
470 2345 567 2412 Junio
591 2344 648 2411 alii
669 2357 806 2434 nuptam
827 2342 926 2410 fuisse
941 2343 1124 2410 verosimile

150 2465 216 2540 est3
242 2468 442 2524 memoratur
474 2457 563 2528 enim
589 2457 631 2524 ab
657 2455 823 2524 Hadriano
851 2455 884 2523 in
912 2460 971 2547 Ep.
994 2455 1124 2524 Nicolao
1178 2461 1180 2466 ’

148 2565 276 2635 Grudio
289 2571 571 2656 fraterutera'nus
593 2553 762 2638 Idomeneo
781 2567 920 2636 civitatis
948 2567 1123 2652 emeretis,

149 2703 252 2771 quem
265 2684 453 2749 Praeturam
468 2682 567 2772 hujus
586 2683 675 2750 urbis
695 2682 895 2751 ambientem
919 2681 1125 2750 commendat

148 2793 297 2879 erudio,
326 2793 416 2884 prius
444 2794 549 2862 Caroli
570 2797 620 2879 V,
651 2795 804 2886 deinceps
827 2792 972 2885 Philippi
986 2797 1018 2860 ΙΙ
1041 2796 1125 2862 Gon·

147 2905 289 3000 siliariog
304 2909 447 2974 Fratrem
467 2905 560 2974 illum
583 2907 749 2976 uterinum
775 2931 814 2976 ex
833 2908 943 2999 priore
960 2907 1124 2977 connubio
1175 2923 1179 2930 ‘

149 3031 259 3086 ortum
284 3015 403 3105 fuisse,
426 3040 525 3087 nona
540 3019 606 3087 veri
627 3020 733 3110 specie
761 3020 916 3088 abhorret
927 3044 936 3104 ;
953 3018 1075 3086 etenim
1096 3019 1123 3084 si

31 3178 34 3192 .
149 3152 323 3220 ponamus,
336 3131 478 3217 Mariam,
489 3153 590 3200 annos
604 3131 811 3224 undeviginti
822 3144 932 3198 natam
941 3129 1123 3216 fuisse,quo

150 3255 298 3333 tempore
322 3244 525 3311 Hadrianum
552 3257 700 3313 nostrum
724 3243 870 3334 peperit,
891 3239 1008 3308 marito
1029 3243 1122 3307 Petro

149 3368 292 3440 mortuo,
307 3377 430 3423 annum
447 3357 560 3425 aetatis
570 3356 854 3448 quadragesimum
869 3352 1045 3445 septimum
1052 3353 1123 3444 jam

151 3467 312 3560 attigisset
322 3469 377 3560 (3).
401 3470 505 3561 Hujus
526 3483 636 3539 autem
661 3469 767 3537 fratris
786 3491 908 3538 nomen
922 3467 1123 3559 ignoramus,

185 3664 224 3735 (1)
241 3669 344 3732 Cognovi
359 3667 402 3731 hoc
418 3687 447 3718 ex
462 3671 517 3720 viat
536 3669 583 3720 HS.
600 3670 625 3718 in
645 3668 704 3718 Coll.
724 3670 803 3718 Barm.

184 3756 223 3826 (Β)
240 3760 309 3809 Pater
320 3761 411 3811 Rornae
422 3761 546 3812 vorabatur
561 3762 604 3811 dir.
625 3763 709 3810 Pt'eter
719 3762 749 3816 de
758 3763 850 3827 Jonye,
864 3770 936 3810 mater
950 3762 1027 3830 Man'j
1037 3762 1124 3810 ntra.

151 3851 186 3900 Gi.
200 3851 228 3900 de
242 3853 376 3918 parentibus
385 3871 461 3922 snpra.
472 3873 492 3904 e.
507 3859 531 3922 1,
544 3855 558 3922 ᾗ
569 3857 595 3904 l.

186 3941 222 4010 (8)
239 3945 303 3995 llanc
316 3945 500 3998 observationem
510 3946 582 3998 debeo
593 3948 649 3997 Viro
663 3945 755 3997 Clarias.
769 3949 797 3996 de
813 3949 897 3997 Crono.
