2930 4996
696 398 715 457 3

216 578 277 645 ulli
301 576 569 644 orbis.·terrarmn
590 574 704 642 cedere
727 577 830 666 genti,
845 579 1060 650 nihilominus
1073 595 1194 654 tamen·

217 688 394 756 multorum
414 699 596 755 nostrorum
623 686 744 754 nobilia
767 688 850 756 facta
866 703 941 760 ,tom
961 695 1055 762 tenui
1068 695 1184 787 elogio

217 800 483 892 posteritatiesae
502 799 649 890 prodito,
673 812 710 866 ut
731 801 841 890 paucis
864 804 1029 876 interdum
1055 808 1185 899 paginis

217 913 584 1004 comprehenderentur.
635 913 730 998 Quod
750 914 923 984 consilium
959 931 997 986 ut
1028 919 1184 990 benevole

214 1027 508 1111 communicatum,
556 1026 599 1092 ita
632 1037 724 1128 grato
750 1050 768 1093 a
795 1051 849 1094 mc
872 1029 984 1098 animo
1015 1045 1185 1124 occeptum
1250 1022 1253 1032 ¹

215 1153 291 1208 est..
310 1144 350 1206 Et
377 1141 423 1208 sic
450 1139 585 1229 quidem
604 1133 748 1225 iactum,
766 1154 804 1207 ut
830 1141 872 1209 de
897 1143 962 1210 rita
993 1157 1027 1213 et
1058 1148 1183 1216 meritis

218 1255 381 1319 ninum
418 1257 522 1332 Jorn,
556 1251 718 1335 Romani,
753 1276 851 1342 agere
889 1255 1023 1324 tandem
1068 1259 1186 1328 consti·

215 1379 356 1434 tuerem.
1107 1387 1109 1394 ·

259 1477 352 1544 uulti
373 1490 500 1566 praeter
522 1489 668 1545 nostrum
690 1489 947 1546 memoranturo
974 1480 1184 1570 scriptoribus

213 1590 320 1675 lunii,
345 1591 493 1680 ejusdem
515 1589 748 1680 praenominis.
773 1573 864 1659 Vixit
886 1591 1001 1660 eadem
1025 1596 1091 1681 qut
1110 1617 1183 1662 nos·

212 1720 263 1773 ter
292 1716 407 1772 aetate·
427 1703 610 1771 Hadrianus
639 1703 754 1770 Junius
783 1704 1007 1774 Dordracenus
1035 1705 1090 1797 (cf.
1123 1710 1182 1796 Ep.

211 1819 303 1886 tunii
328 1842 361 1909 p.
384 1823 449 1906 ol).
475 1817 567 1888 ldcm
589 1839 710 1886 nomen
732 1817 791 1884 uni
814 1840 853 1886 ex
870 1819 1037 1908 judicibus
1064 1819 1184 1890 Olden-

212 1931 412 2006 barneroidii
433 1930 508 1998 fuit.
531 1935 613 1997 Tum
632 1930 731 1998 fuisse
753 1930 831 1999 olim
853 1927 1184 2001 Amstolodamensem
1275 2003 1286 2018 ,

213 2045 387 2113 Rectorem
409 2045 507 2110 Hadr.
532 2043 666 2112 iunium
694 2044 831 2134 cognovi
859 2067 897 2112 ex
917 2045 1004 2113 Misc.
1029 2045 1116 2114 ohe:
1131 2050 1184 2116 Gr.

211 2159 290 2224 Nor.
317 2157 464 2242 solvil,
486 2161 610 2241 tomi,
631 2179 664 2246 p.
688 2161 764 2222 250.
786 2155 935 2244 Denique
952 2158 1062 2248 piures
1078 2158 1182 2246 firere,

210 2292 293 2358 quos
308 2271 371 2338 rite
397 2294 416 2337 a
439 2284 548 2340 nostro
570 2265 734 2338 Hadriano
755 2270 852 2336 Junio
879 2269 1041 2340 nomano.
1058 2271 1183 2340 distin-—

212 2397 490 2474 guore·oportot.·
615 2375 618 2382 ’

255 2487 443 2566 Memoriam
465 2498 579 2586 utique
591 2498 661 2568 Viri
683 2498 782 2586 hujus
794 2489 976 2565 Doctissimi
996 2513 1063 2565 non
1083 2498 1182 2567 daie·
1222 2501 1223 2508 ’

211 2611 258 2677 rit
291 2611 433 2697 oblivio,
468 2610 624 2700 quoniam
667 2610 798 2678 laudem
825 2609 902 2677 artis
928 2599 1182 2702 typographicae

125 2723 128 2730 ⁴
211 2724 382 2808 inventae,
399 2724 440 2791 ab
461 2722 532 2790 aliis
549 2723 671 2791 nefarie
687 2736 886 2812 occupatam,
905 2723 1079 2793 Laurentio
1094 2728 1180 2793 Cus-

210 2835 281 2906 todi
311 2836 531 2922 Harlemensi‚
556 2859 630 2904 vcro
653 2836 835 2921 intentori‚
864 2836 1040 2905 vindicarit
1059 2849 1093 2908 et
1108 2861 1181 2906 re-

210 2949 319 3017 stituit
348 2947 410 3039 (1);
446 2949 518 3037 quis
549 2961 659 3016 autem
692 2947 792 3016 fuerit
825 2949 961 3032 Iunius,
995 2963 1181 3038 quantaque

211 3062 281 3151 ejus
307 3060 373 3128 sint
396 3061 511 3128 merita
534 3061 693 3145 literaria,
718 3061 1059 3154 paucissimi'quidem
1080 3062 1181 3129 hodie

209 3186 335 3242 tenent.
371 3173 463 3240 Multi
487 3173 620 3241 omnino
642 3173 810 3263 scriptores
833 3173 874 3239 dc
897 3173 1060 3239 Hadriano
1082 3163 1181 3241 Juriio

209 3297 350 3376 egerunt
364 3269 435 3376 ’(2),
459 3284 515 3352 sed
536 3285 606 3354 fere
628 3309 739 3354 omnes
761 3285 805 3352 ita
827 3285 967 3353 breviter
990 3285 1057 3374 ejus
1079 3282 1180 3352 vitam

244 3439 281 3509 (1)
298 3442 377 3518 Nuper
398 3441 464 3488 Junii
481 3439 552 3489 iidem
565 3442 713 3507 impugnavit
729 3439 770 3489 Dr.
789 3439 815 3488 G.
832 3442 861 3488 A.
879 3437 979 3504 Sciraab,
1007 3439 1177 3504 nigerrimus,

209 3533 253 3598 qui
274 3550 328 3581 eum
351 3533 581 3590 ψευδαπόστολον
603 3534 707 3596 vocavit,
733 3530 839 3580 defendit
860 3541 937 3580 antem
959 3533 995 3580 vir
1013 3533 1111 3580 noctise:
1128 3534 1178 3582 dac.

208 3623 339 3672 Scheltema
362 3626 423 3689 Traj.
443 3624 473 3682 ad
488 3625 593 3673 Rhenum
610 3625 635 3672 in
652 3623 815 3689 disputatione.
856 3624 890 3671 De
908 3622 1019 3687 geloofw.
1035 3626 1181 3674 vastantes

210 3715 380 3780 gehsndhaaid.
404 3746 414 3794 2
1089 3741 1091 3748 ,

244 3805 281 3876 (2)
299 3809 336 3856 Gi.
354 3810 417 3858 Snxii
433 3812 600 3859 Onomasticon.
619 3810 645 3856 Ρ.
658 3808 683 3857 3.
694 3825 717 3874 p.
731 3810 791 3857 2³⁴.
810 3807 884 3864 linito
895 3807 991 3875 plures,
1005 3825 1097 3874 qunma
1111 3813 1178 3859 Saxio

98 3927 102 3936 .
210 3909 380 3964 memorantur,
404 3901 433 3949 de
455 3903 526 3950 Juuio
551 3904 621 3966 egisse
644 3901 781 3966 scriptores,
798 3903 905 3967 apparuit
923 3902 981 3951 mihi
997 3905 1132 3968 praesertim
1150 3921 1178 3951 ex

210 3991 316 4040 Editione
339 3991 410 4056 huius
426 3995 565 4042 Onomastioi
585 4009 637 4042 cnm
660 3993 770 4043 Annotat.
787 3993 818 4042 u.
836 3996 859 4043 S.
878 3995 929 4043 Viri
947 3995 1045 4044 Clarias:
1061 3995 1179 4062 Tydeman

994 4093 1009 4152 1
1026 4087 1047 4130 ’d
