2946 5002
312 727 558 794 Observationes
576 693 613 792 in
628 728 750 795 Plauti
770 729 975 799 Comoedias.

193 929 434 1000 Annonem
458 929 550 996 tunii
575 929 739 999 breviores
758 931 802 999 nd
825 931 979 999 Plautum
997 931 1132 998 inveni-

148 1055 253 1110 untur
281 1042 318 1110 in
347 1042 492 1112 editione
522 1044 620 1134 hujus
643 1056 760 1134 poetae
775 1068 805 1111 n.
831 1051 914 1112 1568
933 1045 1020 1135 typis
1044 1049 1133 1112 Her.-

151 1155 303 1248 vogianis
324 1154 428 1242 faeti,
453 1155 489 1222 in
510 1159 577 1245 qud
602 1180 677 1224 eum
699 1157 838 1226 aliorum
857 1169 1025 1224 auctorum
1054 1157 1131 1223 ani-

149 1249 431 1337 madversionibus
451 1269 645 1360 conjunctae
661 1283 739 1337 sunt
762 1269 819 1362 (1).

350 1519 540 1610 Hesychius
560 1520 719 1587 Milesius
741 1520 930 1588 Illustrius.

194 1722 297 1811 Hujus
324 1719 466 1807 librum,
487 1722 529 1792 de
552 1720 591 1790 iis
613 1721 673 1811 qui
698 1720 892 1790 eruditionis
912 1720 1001 1788 same
1029 1720 1128 1788 inela-

145 1847 302 1919 ruerunt,
332 1857 502 1924 nunquam
534 1849 629 1904 antee
663 1834 789 1902 editum
817 1858 893 1902 eum
925 1833 1028 1901 latini
1058 1856 1127 1901 ver-

145 1947 238 2016 sione
260 1947 427 2038 evulgavit
442 1952 537 2014 Antr.
563 1971 593 2013 a.
619 1954 703 2016 1572
725 1948 814 2037 apud
832 1949 938 2014 Plant.
961 1948 997 2015 in
1013 1953 1047 2015 8⁰
1067 1947 1125 2038 (2).

147 2059 323 2128 Dedicatus
346 2073 395 2126 est
418 2061 514 2128 Corn.
540 2058 675 2127 Biekero
698 2059 994 2129 Amsterodamaeo.

146 2317 313 2406 Lugduni
325 2316 529 2381 Batauorum
549 2315 590 2380 ab
613 2315 777 2380 obsidione
798 2316 960 2381 liberatio.
998 2315 1126 2394 Festus

214 2428 377 2498 luentem.
410 2429 598 2518 Augurium
619 2432 654 2492 in
671 2428 886 2496 Aeudermom
904 2429 946 2496 L.
973 2427 1056 2496 Bat.

189 2638 363 2703 Strenuum
381 2635 533 2727 Lugduni
555 2635 779 2704 defensionem
804 2648 837 2703 et
861 2635 990 2704 felicem
1007 2637 1125 2706 libera-

141 2749 268 2817 tionem
293 2749 437 2816 versibus
459 2749 653 2835 celebravit5
675 2750 765 2838 quod
786 2771 916 2817 carmen
940 2750 1057 2819 ultimo
1078 2751 1124 2817 vi-

143 2875 197 2930 tae
230 2885 317 2930 anno
350 2863 460 2953 (1575)
491 2861 602 2952 praelo
628 2861 765 2952 subjecit
796 2862 854 2954 (3).
888 2851 969 2930 Tum
1006 2865 1123 2934 eodem

147 2996 236 3041 anno
276 2972 416 3040 edidisse
444 2973 572 3040 videtur
609 2977 737 3040 Festum
768 2973 953 3060 Ibericum,
989 2998 1123 3044 carmen

143 3087 186 3154 de
217 3086 438 3176 Hispanorum
466 3085 598 3154 fastidio
627 3100 659 3154 et
687 3088 871 3178 Augurium
902 3088 938 3155 in
963 3111 1122 3156 novama

141 3200 294 3292 Principe
316 3200 473 3269 Arausino
494 3224 606 3269 reeens
627 3200 809 3268 institutam
829 3204 1022 3269 Batavorum
1041 3204 1123 3270 Aca-

139 3313 312 3382 demiams

177 3599 217 3683 (i)
235 3617 272 3666 cr.
297 3618 408 3686 niceros,
435 3629 493 3668 um.
516 3619 578 3683 vn,
604 3635 628 3685 p.
656 3618 716 3666 tos.
752 3614 804 3666 vn.
833 3615 906 3668 nnn.
934 3619 1025 3670 nurse
1048 3622 1119 3672 netu.

144 3709 184 3758 des
200 3711 289 3760 Seienc.
309 3713 335 3761 t.
351 3713 379 3760 3.
400 3730 424 3778 p.
444 3715 503 3762 181.
522 3712 601 3761 louet
616 3710 735 3762 Fabricius
750 3710 812 3761 Bibl.
826 3713 875 3761 Lat.
894 3729 918 3778 p.
932 3712 973 3762 18.
985 3713 1032 3764 vol.
1041 3717 1068 3782 11.
1081 3715 1121 3766 hes

141 3803 303 3853 annotationes
317 3802 366 3868 inm
383 3803 512 3870 publicatus
530 3821 576 3854 esse
593 3806 620 3854 in
637 3803 740 3854 editione
756 3805 835 3856 Plauti
853 3805 923 3854 Antv.
943 3821 964 3855 n,
983 3807 1057 3856 tsoo.
1118 3807 1120 3812 '

174 3893 212 3964 (2)
231 3895 268 3944 cf.
287 3895 365 3945 Praei.
385 3896 444 3962 nep.
462 3896 537 3946 editio
554 3914 574 3947 n.
594 3899 662 3947 10111
679 3899 705 3948 in
721 3897 759 3947 8⁰.

175 3987 268 4056 (3)(11.
289 3989 332 4055 up.
352 3989 402 4038 rtie.
418 3989 519 4039 Voretio.
538 4006 563 4056 p.
581 3989 640 4038 tot.

932 4079 988 4144 5³!-
