2930 4996
823 377 864 438 ot

356 555 413 644 qui
438 554 547 645 inopil
570 555 804 646 premebantur
832 571 867 624 et
886 571 1041 648 egestate,
1062 579 1242 626 succurrere
1259 581 1328 625 non

356 669 484 760 potuit,
500 667 633 760 ‘quippe
653 669 710 760 qui
733 669 803 760 ipse
824 671 942 762 opibus
964 671 1136 742 destitutus
1159 687 1239 740 esset
1258 673 1325 761 (l),

354 781 569 872 qrtamobrem
591 782 719 874 saepius
747 783 886 852 aliorum
909 784 1160 854 beneficentiam
1180 785 1329 852 invocare

356 896 535 988 cogebatur
563 895 625 984 (2).
683 899 760 988 Ipse
781 920 857 964 cum
879 897 1040 966 beneficio
1063 897 1256 988 accepisset,
1282 897 1333 966 nil

355 1008 522 1100 antiquius
536 1003 689 1096 habebat,
705 1031 804 1100 quam
816 1021 945 1100 gratum
962 1009 1109 1101 profiteri
1118 1010 1278 1100 animum(
1304 1009 1328 1096 ).

355 1125 427 1192 Non
440 1146 571 1214 possm
591 1125 709 1210 facere,
728 1123 810 1214 quin
833 1123 1011 1214 Epistolam
1034 1123 1211 1192 llarchioni
1224 1121 1331 1213 anglo

354 1249 457 1306 totam
483 1237 687 1322 describam,
716 1250 755 1304 ut
788 1259 827 1304 ex
859 1241 899 1304 et
931 1236 992 1304 tiri
1020 1235 1167 1304 animum
1195 1255 1331 1326 cognos-

354 1375 467 1418 camus
490 1351 547 1442 (d).
594 1349 742 1436 »Quibus
766 1349 872 1418 verbis
893 1362 970 1418 tuae
992 1350 1184 1420 celsitudini
1211 1349 1329 1439 gratias

353 1485 451 1554 agere
488 1461 648 1547 debeam,
683 1485 750 1532 non
783 1485 836 1530 me
868 1462 983 1530 Hercle
1019 1462 1123 1554 magis
1159 1461 1326 1550 intelligo,

353 1597 454 1666 quam
471 1595 538 1664 quo
557 1587 654 1664 pacto
674 1572 772 1640 maris
792 1575 953 1642 fluctuum
973 1575 1136 1644 rationem
1155 1575 1329 1662 inireque-

353 1713 407 1756 am
419 1739 430 1771 ,
460 1687 584 1776 qnippe
614 1686 708 1775 cnjus
737 1685 893 1754 hesterno
916 1687 1098 1775 patrocinio
1127 1686 1327 1756 luculentum

351 1799 545 1892 cumprimis
568 1811 666 1888 atque
683 1798 764 1867 adeo
780 1797 1021 1888 inexpectatum
1035 1800 1215 1868 auctarium
1228 1800 1326 1888 priori

352 1917 388 1982 in
418 1937 471 1982 me
500 1910 699 1982 conserendo
725 1912 879 1980 donativo
907 1913 1080 1981 accrevisse
1103 1912 1325 2002 compererim.
1353 1903 1362 1922 '

352 2029 381 2095 0
411 2047 488 2093 rere
519 2045 714 2115 genmosum
746 2037 845 2113 etque
872 2025 1043 2093 heroicum
1075 2039 1202 2115 pectus,
1231 2023 1327 2092 etad

351 2139 468 2207 alenda
489 2139 726 2227 excitandaque
752 2138 885 2229 ingenia
905 2138 1139 2227 comparatum!
1164 2137 1252 2223 Quid
1264 2161 1326 2204 un·

351 2275 453 2341 quarn
476 2253 519 2320 ad
541 2252 778 2320 demerendum
801 2275 905 2341 genus
918 2251 1326 2341 humanumexcogitatnm

350 2365 416 2434 fuit
439 2365 740 2434 accommodatius?
765 2365 849 2454 quid
868 2366 910 2432 ad
932 2365 1198 2454 consequendum
1218 2363 1325 2432 nomi-

349 2480 400 2546 nis
436 2491 471 2546 et
502 2477 628 2566 gloriae
660 2481 738 2564 (qut
781 2477 851 2546 viro
878 2472 982 2544 nobili
1017 2475 1104 2543 nihil
1132 2475 1233 2544 debet
1263 2497 1325 2542 esse

349 2587 532 2678 antiquius)
549 2588 759 2676 splendorum
776 2589 956 2656 illustrius?
977 2588 1060 2678 quid
1084 2592 1154 2657 Deo
1174 2588 1324 2669 similius,
1345 2665 1351 2674 ι
1444 2635 1445 2664 .

350 2721 453 2788 quam
494 2696 703 2764 immerentes
736 2699 908 2768 beneficiis
944 2721 1102 2792 occupare
1147 2702 1325 2789 officiisque
1443 2725 1444 2757 1

350 2810 437 2875 ultro
456 2805 582 2901 mllatis
602 2806 792 2878 devincire?
814 2813 897 2900 quid
919 2813 986 2882 viro
1007 2814 1159 2904 Principe
1175 2813 1338 2904 dignius.
1442 2833 1443 2849 ¹

348 2943 452 3010 quam
491 2918 708 2989 immortalem
761 2924 953 2992 meritorum
995 2926 1135 3016 gloriam
1188 2925 1325 3016 gratuiti

348 3032 578 3102 munificentia
623 3036 829 3125 comparare?
873 3060 972 3126 quam
1004 3038 1144 3107 aliorum
1175 3053 1325 3130 expecta·
1439 3123 1440 3126 Ἴ

348 3148 476 3217 tionem
508 3153 738 3217 antevertere?
759 3171 858 3236 quam
881 3172 939 3218 suo
959 3151 1088 3218 nomini
1108 3147 1323 3241 respondere?

275 3317 280 3332 ,
350 3284 449 3351 quam
480 3259 516 3326 id
548 3260 638 3351 quod
659 3259 758 3356 vulgo
784 3273 816 3328 et
840 3261 957 3350 passim
979 3262 1064 3329 bene
1095 3264 1208 3349 audit,
1235 3285 1323 3355 prae-
1437 3299 1438 3312 ¹

351 3387 455 3451 stare,
479 3395 640 3460 nusquam
665 3372 715 3439 sui
742 3371 889 3462 opinioni
919 3372 1096 3458 decedere,
1121 3376 1322 3466 quidquam,
1436 3393 1437 3406 ¹

351 3479 483 3547 sinere?
528 3483 592 3548 Ista
623 3486 733 3554 omnia
759 3483 857 3552 unico
884 3485 1013 3572 rarique
1044 3489 1186 3576 exempli
1211 3502 1323 3578 patro·
1434 3565 1435 3591 ¹

386 3672 423 3738 (l)
442 3675 478 3723 (ll.
498 3675 541 3738 Ep.
561 3691 585 3740 p.
604 3677 667 3740 148,
686 3681 745 3728 att.

386 3761 425 3828 (2)
443 3764 481 3812 cf.
501 3764 544 3827 Ep.
556 3780 579 3828 p.
602 3767 651 3829 te,
669 3769 726 3816 tte.

385 3851 421 3919 (3)
440 3855 477 3904 Cf.
497 3856 539 3919 ΕΡ.
559 3872 584 3920 p.
601 3858 669 3905 25³.
687 3859 747 3908 ³48.

387 3941 423 4010 (4)
442 3947 484 4010 Ep.
504 3945 589 3995 lllarclr.
611 3947 695 4013 dnglo.
719 3967 743 4014 p.
766 3953 823 4002 too.
