2946 5002
356 745 394 806 Te
414 741 504 803 Junil
527 741 648 814 amisso,
672 716 822 824 quantum
841 739 1020 822 Respublica
1040 741 1160 819 damni,

396 847 473 908 llaec
493 856 594 907 nostra
614 844 759 914 literaria,
779 845 923 930 inquam,
944 849 1107 928 acceperit,

356 952 412 1028 Qui
432 952 544 1026 nescit,
565 971 622 1011 nae
642 951 685 1012 mi
705 949 891 1032 dignissimus
911 951 962 1012 ille
981 951 1116 1025 videtur,

395 1057 447 1118 Cui
467 1078 531 1118 non
550 1056 685 1130 Batavus,
708 1053 759 1114 sed
778 1055 872 1116 llidae
893 1077 976 1116 aures
998 1065 1111 1129 assuat,

354 1160 414 1222 Aut
433 1161 511 1223 male
532 1159 653 1241 dereptai
672 1159 770 1240 potius
791 1170 859 1221 cute
879 1159 1004 1221 mulctet
1024 1158 1151 1241 Apollo:

395 1268 602 1352 Frequensque
622 1264 721 1346 pinsat
741 1284 758 1324 a
778 1275 860 1345 tergo
882 1265 1005 1324 ciconia.

356 1373 508 1455 Quemque
528 1369 624 1445 adeo,
645 1369 714 1428 totis
735 1377 881 1428 extorrem
902 1364 1037 1427 Phocidis
1059 1366 1152 1442 arvis,

395 1475 503 1536 Doctae
523 1473 648 1536 furcillis
668 1475 861 1557 praecipitem
881 1471 1002 1556 ejicient
1021 1472 1106 1533 Deae.

772 1709 821 1767 lv.

396 1894 503 1953 lunius
523 1891 573 1952 hic
594 1893 663 1952 situs
684 1903 744 1970 est;
766 1892 843 1954 ultra
864 1912 902 1952 ne
924 1912 1033 1975 quaere
1054 1893 1167 1966 viator,

438 1995 590 2077 Oculisque
612 2006 656 2056 sat
676 1995 782 2057 dehere
801 2009 830 2057 te
849 1995 907 2056 tuis
927 2007 1020 2078 puta,
1229 1986 1231 1992 ¹

395 2101 466 2158 Tam
487 2101 588 2183 magni
603 2111 740 2186 spectare
760 2103 814 2162 viri
833 2101 917 2185 queis
938 2103 1062 2182 contigit
1080 2121 1200 2162 urnam.

437 2206 521 2266 Oculi
542 2227 559 2265 o
579 2187 675 2280 beati,
697 2229 714 2266 ο
735 2227 802 2268 vere
823 2207 926 2289 ingens
946 2205 1167 2288 spectaculum!

790 2422 826 2514 ll.

397 2604 478 2665 Flere
498 2606 572 2666 Deos
593 2607 616 2665 si
626 2651 635 2682 ‚
656 2607 744 2682 tuni,
766 2606 919 2681 homines,
941 2617 970 2665 et
990 2607 1118 2670 Numina
1137 2607 1227 2690 justis

437 2708 570 2770 Mortales
590 2709 752 2794 lachrymis
772 2711 815 2770 sas
836 2709 973 2771 decorare
993 2712 1084 2772 foret:

401 2812 466 2892 Ipse
488 2813 577 2871 etiam
597 2813 670 2873 fletu
689 2815 800 2875 iaceret
819 2814 874 2888 tibi
893 2815 998 2874 lunera
1018 2817 1130 2890 Paean,

441 2916 570 2977 Solveret
589 2927 619 2976 et
640 2916 733 2978 doctis
755 2918 888 2980 lienibus
908 2919 1037 2979 inferias.

398 3027 483 3106 Ipsae
502 3032 532 3082 tc
547 3019 697 3108 Charites,
717 3022 801 3105 ipsa,
823 3022 902 3098 heu,
923 3033 952 3083 te
974 3023 1102 3084 Numina
1122 3024 1228 3099 Pindi,

439 3129 507 3210 lpsa
526 3126 615 3188 etiam
636 3126 837 3188 lacerissseret
855 3129 977 3211 Hygaea
997 3129 1097 3189 comis.

400 3227 618 3315 Damnaretque
640 3253 706 3292 suos
727 3231 870 3292 lledicina
889 3232 1016 3314 ingloria
1037 3254 1159 3308 succos,
1265 3251 1270 3258 ’

366 3395 368 3400 ,
439 3333 541 3400 Sistcre
563 3337 647 3422 queis
667 3336 740 3397 lethi
760 3358 824 3398 non
845 3337 980 3398 valuisset
999 3339 1066 3399 iter.
1184 3327 1186 3331 ’

400 3445 487 3502 Nunc
507 3454 664 3526 postquam
685 3441 762 3524 nigri
781 3438 919 3501 thesauro
940 3463 969 3500 es
988 3440 1112 3500 traditus
1135 3441 1199 3503 Osci
1209 3485 1218 3515 ‚

441 3548 535 3629 thue
556 3546 651 3605 oculis
670 3547 727 3606 lux
747 3557 789 3606 est
810 3568 878 3606 cara
899 3546 999 3607 relicta
1020 3547 1092 3622 tuis,

401 3651 507 3713 Naevio
528 3660 562 3710 ut
581 3650 703 3710 Ausonii
723 3649 893 3733 quondam,
916 3651 956 3709 sio
976 3660 1004 3709 te
1025 3649 1078 3708 sibi
1093 3649 1248 3732 adempto,

442 3758 517 3816 Sunt
537 3754 641 3830 Batavi¹
658 3753 740 3813 obliti
761 3753 849 3816 verba
868 3756 970 3815 Latina
991 3755 1083 3837 loqui.
